2192 3409
305 95 517 159 nuso]
938 92 1244 141 OTPANIA.
1807 92 1902 144 237

309 176 495 253 κρίτου
530 172 899 243 σπεύσαντος,
941 172 1139 251 ἀνδρὸς
1181 177 1289 233 τῶν
1319 170 1506 231 οἷστῶν
1545 172 1774 249 δοκίμου
1812 172 1906 230 καὶ

302 263 434 324 τότε
478 263 957 343 τριηραρχέοντος.
1038 262 1246 331 Νάξιοι
1292 261 1356 321 δέ
1395 265 1509 335 εἶσι
1548 258 1750 332 Ἴωνες,
1807 258 1904 317 ἀπ’

303 350 581 427 Ἀθηνέων
618 350 927 433 γεγονότες.
1011 350 1243 426 Στυρέες
1283 350 1343 409 δὲ
1377 350 1476 412 τοίς
1507 347 1676 409 αὐτοῖς
1714 347 1902 424 παρεί-

302 465 475 517 χοντο
507 444 643 515 νῆας
673 438 773 501 τὰς
800 439 890 497 καὶ
918 436 999 496 ἐπ’
1026 436 1381 515 Ἀρτεμισίῳ,
1410 436 1646 495 Κύθνιοι
1681 436 1742 494 δὲ
1769 436 1905 512 μίαν

306 528 399 585 καὶ
417 526 867 603 πεντηκόντερον·
900 525 1082 587 ἐόντες
1103 523 1519 601 συναμφότεροι
1547 520 1699 582 οὗτοι
1728 522 1905 599 Δρύο-

306 640 423 677 πες·
469 616 561 673 καὶ
589 614 849 691 Σερίφιοί
869 638 931 673 τε
960 614 1052 671 καὶ
1079 614 1304 686 Σίφνιοι
1335 612 1426 670 καὶ
1453 610 1672 686 Μήλιοι
1709 618 1905 687 ἐστρα-

305 702 549 762 τεύοντο·
592 699 747 760 οὗτοι
772 700 883 781 γοὶρ
910 700 1013 759 οὐκ
1038 700 1241 759 ἔδοσαν
1263 704 1460 775 μοῦνοι
1495 700 1805 774 νησιωτέων
1829 702 1906 778 τῷ

308 789 586 869 βαρβάρῳ
612 793 720 870 γῆν
744 814 807 848 τε
834 789 925 847 καὶ
950 788 1114 865 ὕδωρ.
1174 784 1347 845 Οὗτοι
1367 790 1472 862 μὲν
1491 786 1728 852 ἅπαντες
1753 787 1906 850 ἐντός
1922 788 1998 849 47

307 877 587 951 οἰκημένοι
626 878 977 951 Θεσπρωτῶν
1024 875 1116 933 καὶ
1154 874 1484 951 Ἀχέροντος
1518 880 1778 953 ’ποταμοῦ
1815 881 1906 935 ἐσ-

306 963 653 1038 τρατεύοντο·
706 962 1035 1039 Θεσπρωτοὶ
1072 961 1184 1043 γάρ
1226 966 1336 1020 εἰσι
1375 961 1734 1040 ὁμουρέοντες
1770 964 1905 1039 Ἀμ-

307 1050 656 1128 πρακιῶτῃσι
688 1050 779 1107 καὶ
793 1050 1175 1109 -Λευκαδίοισι
1201 1048 1256 1109 οἳ
1283 1050 1346 1119 ἐξ
1376 1051 1658 1128 ἐσχατέων
1687 1052 1908 1129 χωρέων

310 1137 724 1213 ἐστρατεύοντο.
781 1142 890 1197 τῶν
916 1138 976 1197 δὲ
996 1137 1154 1199 ἐκτὸς
1179 1137 1386 1197 τούτων
1415 1138 1728 1213 οἰκημένων,
1759 1144 1905 1215 Κρο-

309 1230 567 1300 τωνιῆται
596 1226 793 1302 μοῦνοι
824 1224 973 1300 ἦσαν
1010 1224 1065 1283 οἳ
1101 1224 1402 1300 ἐβώθησαν
1433 1230 1508 1304 τῇ
1533 1224 1770 1284 Ἑλλάδι
1799 1252 1907 1285 mv·-

310 1311 624 1392 δυνευούσῃ,
656 1314 746 1388 νηῒ
774 1317 893 1391 μιῇ,
930 1316 1031 1387 τῆς
1064 1310 1205 1391 ἦρχε
1241 1311 1382 1389 οἷνῆρ
1415 1314 1534 1391 τρὶς
1573 1314 1906 1389 πυθιονίκης,

310 1398 587 1463 Φάῢλλος.
660 1404 1041 1477 Κροτωνιῆται
1080 1400 1142 1459 δὲ
1179 1400 1354 1481 γένος·
1385 1402 1496 1459 εἰσὶ
1539 1392 1778 1479 Ἀχαιοί.
1835 1404 1908 1460 Οἱ
1925 1403 2002 1460 48

310 1488 413 1563 μέν
452 1514 547 1547 νυν
588 1486 759 1546 ἄλλοι
790 1486 1043 1563 τριήρεας
1078 1488 1450 1566 παρεχόμενοι
1493 1488 1906 1565 ἐστρατεύοντο,

312 1574 530 1649 Μήλιοι
550 1576 625 1644 δὲ,
650 1575 741 1633 καὶ
760 1576 1003 1649 Σίφνιοι,
1026 1576 1118 1634 καὶ
1138 1576 1408 1651 Σερίφιοι,
1427 1578 1906 1653 πεντηκοντέρους·

312 1662 531 1738 Μήλιοι
582 1664 701 1738 μὲν,
742 1662 901 1741 γένος
941 1661 1120 1725 ἐόντες
1159 1662 1272 1723 ‹in-6
1328 1664 1754 1741 Λακεδαίμονος,
1812 1666 1908 1724 δύο

312 1751 663 1828 παρείχοντο·
719 1750 943 1823 Σίφνιοι
978 1750 1037 1808 δὲ
1072 1750 1166 1808 καὶ
1202 1752 1471 1827 Σερίφιοι,
1505 1751 1692 1815 Ἴωνες
1729 1753 1910 1815 ἐόντες

312 1837 407 1897 ἀπ’
433 1837 723 1913 Ἀθηνέων,
751 1838 886 1915 μίαν
918 1837 1182 1915 ἑκάτεροι.
1255 1838 1489 1915 ἀριθμός
1529 1840 1590 1899 δὲ
1629 1840 1843 1921 ἐγένετο
1877 1840 1907 1899 ὁ

314 1930 423 1989 πᾶς
447 1930 557 1985 τῶν
583 1926 735 1995 νεῶν,
764 1924 1081 2003 πάρεξ·τῶν
1111 1928 1568 2003 πεντηκοντέρων,
1594 1928 1909 2006 τριηκόσιαι

315 2015 405 2072 καὶ
424 2013 813 2091 ἐβδομήκοντα
839 2014 932 2073 καὶ
958 2012 1120 2073 ὀκτώ.

393 2101 490 2165 Ὡς
520 2103 580 2162 δὲ
612 2108 667 2165 ἐς
699 2103 805 2179 τήν
842 2104 1138 2179 Σαλαμῖνα
1181 2104 1468 2177 συνῆλθον
1509 2106 1562 2163 οἶ
1604 2104 1909 2185 στρατηγοὶ
1926 2106 2002 2163 49

314 2189 427 2249 αἶπὸ
464 2194 573 2249 τῶν
608 2192 903 2266 εἰρημένων
936 2190 1163 2259 πολίων,
1193 2190 1579 2265 ἐβουλεύοντο,
1608 2194 1910 2267 προθέντος

313 2276 673 2354 Ευρυβιάδεω
702 2277 929 2357 γνώμην
961 2276 1380 2351 ἀποφαίνεσθαι
1411 2278 1510 2338 τᾶν
1541 2277 1908 2354 βουλόμενον,

316 2364 449 2423 ὅκου
468 2363 649 2421 δοκέοι
668 2364 1180 2477 ἐπιτηδεωτατον’
1127 2391 1264 2424 ειναι
1291 2365 1601 2443 ναυμαχίην
1620 2366 1911 2423 ποιέεσθαι

314 2456 431 2523 τῖ’.
464 2449 623 2509 αυτοὶ
674 2456 891 2529 χωρέων
934 2454 1220 2533 ἐγκρατέες
1261 2455 1390 2512 εισί·
1445 2478 1482 2527 η
1527 2452 1646 2533 γάρ
1683 2448 1909 2527 Ἀττικὴ

314 2535 517 2615 ἀφεῖτο
534 2536 658 2613 ἤδη,
676 2543 785 2599 τῶν
804 2540 863 2598 δὲ
880 2542 1122 2600 λοιπέων
1140 2542 1268 2617 πέρι
1287 2541 1592 2617 προετίθεε·
1621 2542 1679 2596 αἱ
1696 2541 1911 2617 γνῶμαι

315 2628 375 2686 δὲ
424 2652 535 2689 των
574 2626 849 2719 λεγόντων
897 2631 957 2686 αἱ
1000 2632 1288 2687 πλεῖσται·
1309 2627 1724 2695 συνεξέπιπτον,
1772 2626 1912 2702 πρός

313 2715 412 2775 τὸν
435 2714 670 2792 Ἰσθμὸν
701 2694 1035 2777 πλώσαντας
1075 2715 1404 2791 ναυμαχέειν
1424 2714 1546 2790 πρὸ
1585 2718 1686 2789 τῆς
1728 2719 1910 2773 Πελο-

315 2802 619 2877 ποννήσου·
688 2804 1037 2881 ἐπιλέγοντες
1086 2826 1186 2861 τον
1239 2801 1414 2881 λόγον
1467 2800 1640 2874 τόνδε,
1706 2828 1792 2870 ως,
1843 2801 1914 2877 ἢν

315 2890 609 2964 νικηθέωσι
659 2892 731 2965 τῇ
782 2889 1061 2967 ναυμαχίῃ
1117 2894 1174 2946 ἐν
1229 2890 1508 2965 Σαλαμῖνι
1557 2891 1664 2965 μὲν
1714 2888 1908 2969 ἐόντες,

314 2975 789 3052 πολιορκήσονται
823 2980 885 3035 ἐν
922 2975 1093 3053 νήσῳ,
1130 2976 1216 3033 ἵνα
1259 2982 1370 3050 σφι
1409 2976 1644 3051 τιμωρίη
1673 2973 1912 3049 ὀὐδεμία

317 3063 743 3138 ἐπιφανήσεται·
798 3061 941 3137 πρὸς
978 3062 1038 3119 δὲ
1074 3065 1154 3139 τῷ
1185 3062 1410 3141 Ἰσθμῷ,
1449 3068 1504 3125 ἐς
1538 3062 1666 3124 τούς
1703 3064 1913 3119 ἑωυτῶν

318 3150 649 3217 ἐξοίσονται.

338 3240 573 3366 Π,Ταῦτα
607 3238 718 3294 τῶν
754 3233 867 3293 οἷπὸ
904 3236 1347 3311 Πελοποννήσου
1378 3243 1706 3320 στρατηγῶν
1735 3239 1926 3302 ἐπιλει-
1921 3236 2009 3293 60

410 3322 529 3364 —19
