2192 3409
303 92 578 155 120—126]
912 92 1324 141 TEP‘I‘IXOPH.
1834 92 1895 145 57

296 168 513 229 Ἰλιάδα
537 172 812 247 νέμονται,
841 163 956 231 εἷλε
985 174 1043 231 δὲ
1069 173 1344 253 Γέργιθας
1366 164 1497 235 τούς
1521 171 1892 249 ὖπολειφθέν-

295 282 397 321 τας
435 262 544 319 τῶν
584 258 826 339 οἷρχαίων
853 264 1123 336 Τευκρῶν·
1168 258 1335 323 αὐτός
1372 285 1435 319 τε
1458 259 1663 337 ’Υμέης
1700 261 1894 337 αἱρέων

295 350 472 405 ταῦτα
496 346 568 405 τοὶ
595 348 754 407 ἔθνεα
779 348 962 427 νούσῳ
989 350 1224 425 τελευτᾷ
1250 354 1307 407 ἐν
1332 351 1405 426 τῇ
1430 347 1663 425 Τρῳάδι.
1746 346 1852 407 Οὗ-
1876 349 1991 407 123

295 458 391 495 τος
415 435 520 510 μὲν
545 433 613 510 δὴ
642 433 782 494 οὕτω
809 434 1159 511 ἐτελεύτησε·
1200 434 1581 512 Ἀρταφέρνης
1607 436 1678 493 δὲ.
1693 435 1725 495 o‘
1754 437 1893 513 Σαρ-

296 520 425 579 δίων
463 520 713 601 ὕπαρχος
751 522 843 581 καὶ
867 521 1107 598 Ὀτάνης
1134 522 1165 582 ὁ
1192 524 1377 599 τρίτος
1418 523 1749 605 στρατιγγὸς,
1777 522 1895 582 ἐτά-

295 609 524 685 χθησαν
559 610 652 668 ἐπὶ
685 610 788 686 τήν
826 610 1037 686 Ἰωνίην
1081 610 1173 669 καὶ
1204 610 1307 686 τήν
1346 611 1635 688 προσεχέα
1659 611 1897 669 Αἰολίδα

297 696 721 772 στρατεύεσθαι.
802 696 1009 772 Ἰωνίης
1047 698 1155 773 μέν
1196 723 1293 768 νυν
1339 698 1708 773 Κλαζομενὰς
1751 699 1893 775 αἱρέ-

297 808 442 854 ουσι,
485 786 732 846 Αἰολέων
774 786 834 844 δὲ
875 784 1098 861 Κύμην.

376 871 821 950 Ἀλισκομενέων
847 873 905 933 δὲ
930 878 1039 932 τῶν
1065 872 1295 943 πολίων,
1314 873 1384 948 ἦν
1409 872 1519 955 γὰρ
1548 871 1633 949 δή,
1656 872 1725 935 ὥς
1750 873 1849 932 διέ-
1875 876 1989 933 124

295 960 433 1030 δεξε,
459 960 867 1043 Ἀρισταγόρης
907 960 940 1021 ὁ
966 960 1259 1035 Μιλήσιος
1286 961 1471 1039 ψυχήν
1499 960 1599 1020 οὐκ
1624 959 1807 1038 ἄκρος,
1836 961 1895 1023 ὃς

294 1048 536 1125 ταράξας
573 1049 678 1124 τὴν
716 1048 928 1123 Ἰωνίην
977 1049 1069 1107 καὶ
1110 1048 1551 1129 ἐγκερασάμενος
1591 1047 1895 1127 πρήγματα

295 1135 522 1215 μεγάλα
547 1135 800 1213 δρησμόν
825 1135 1109 1212 ἐβούλευε,
1140 1134 1310 1211 ὁρέων
1345 1140 1540 1195 ταῦτα·
1581 1136 1721 1212 πρὸς
1746 1134 1808 1193 δέ
1840 1137 1893 1194 οἶ

297 1223 390 1281 καὶ
415 1222 656 1283 ἀδύνατα
683 1223 862 1299 ἐφάνη
887 1224 1143 1300 βασιλέα
1172 1227 1410 1300 Δαρεῖον
1444 1222 1891 1299 ὑπερβαλέσθαι·

295 1310 435 1387 πρός
475 1316 652 1370 ταῦτα
699 1310 768 1387 δὴ
812 1310 884 1369 ὧν
923 1310 1284 1392 συγκαλέσας
1324 1310 1453 1373 τούς
1493 1308 1889 1371 συστασιώτας

297 1399 644 1475 ἐβουλεύετο,
673 1399 854 1479 λέγων
892 1398 964 1460 ὥς
998 1397 1225 1475 ἄμεινόν
1251 1405 1362 1474 σφι
1390 1398 1471 1474 εἴη
1501 1395 1893 1477 κρησφύγετόν

197 1517 200 1520 ·
294 1512 350 1545 τι
381 1486 636 1565 ύπάρχον
675 1486 827 1555 εἶναι,
863 1484 933 1560 ἦν
973 1485 1082 1562 ἄρα
1123 1486 1455 1555 ἐξωθέωνται
1488 1492 1547 1545 ἐκ
1574 1490 1674 1561 τῆς
1700 1485 1888 1561 Μιλή-

295 1600 415 1633 του·
461 1576 568 1633 εἴτε
597 1573 666 1649 δὴ
695 1573 767 1633 ὧν
797 1579 850 1637 ἐς
879 1573 1072 1650 Σαρδώ
1102 1579 1160 1635 ἐκ
1188 1578 1287 1633 τοῦ
1318 1574 1494 1633 τόπου
1535 1573 1733 1633 τούτου
1765 1571 1893 1653 ἄγοι

297 1667 352 1725 ἐς
379 1660 651 1737 ἀποικίην,
671 1662 780 1721 εἴτε
806 1666 860 1725 ἐς
876 1661 1163 1739 Μύρκινον
1188 1662 1293 1737 τὴν
1314 1662 1572 1721 Ἠδωνῶν
1598 1661 1700 1736 τήν
1726 1660 1892 1719 Ἱστι-

296 1752 417 1811 αῖος
457 1751 661 1829 ἐτείχεε
707 1750 860 1827 παροὶ
905 1750 1145 1826 Δαρείου
1188 1749 1394 1827 δωρεὴν
1437 1748 1669 1825 λαβών;
1718 1752 1893 1807 ταῦτα

299 1838 566 1915 ἐπειρώτα
606 1837 637 1898 6
671 1836 1102 1918 Ἀρισταγόρης·
1142 1836 1439 1896 Ἑκαταίου
1479 1838 1583 1914 μέν
1625 1862 1721 1897 νυν
1753 1840 1851 1895 τοῦ
1874 1838 1986 1893 125

292 1924 702 2005 Ἡγησάνδρου,
732 1925 934 2003 α’νδρός
960 1928 1285 2005 λογοποιοῦ,
1311 1927 1545 1985 τουτέων
1570 1928 1676 2001 μὲν
1712 1928 1767 1987 ἐς
1804 1922 1891 1981 οὗ·

295 2012 518 2089 δετέρην
545 2014 810 2073 στέλλειν
831 2015 995 2089 ἔφερε
1015 2012 1052 2088 ἡ
1077 2012 1288 2093 γνώμη,
1308 2018 1366 2072 ἐν
1380 2014 1539 2091 Λέρῳ
1560 2013 1619 2071 δὲ
1643 2016 1713 2091 τῇ
1740 2010 1893 2091 νήσῳ

293 2103 478 2179 τεῖχος
505 2100 1016 2178 οἰκοδομησάμενον
1041 2100 1284 2179 ἡσυχίην
1304 2098 1476 2182 ἄγειν,
1505 2099 1573 2175 ἢν
1595 2100 1804 2177 ἐκπέσῃ
1832 2104 1891 2157 ἐκ

292 2191 393 2264 τῆς
418 2188 700 2265 Μιλήτου·
731 2190 934 2247 ’ἔπειτα
961 2188 1020 2247 δὲ
1046 2192 1106 2246 ἐκ
1132 2186 1333 2263 ταύτης
1360 2188 1707 2265 ὄρμεώμενον
1734 2212 1887 2245 κατε-

293 2275 606 2336 λεύσεσθαι
631 2280 687 2338 ἐς
709 2275 815 2351 τήν
841 2276 1123 2349 Μίλητον.
1175 2280 1353 2335 ταῦτα
1377 2278 1481 2351 μὲν
1508 2274 1575 2349 δὴ
1601 2274 1894 2355 Ἑκαταῖος

295 2362 693 2439 συνεβούλευε.
778 2361 940 2440 Αὐτῷ
985 2362 1045 2421 δὲ
1089 2361 1469 2443 Ἀρισταγόρῃ
1516 2360 1553 2436 ἦ
1606 2359 1851 2435 πλείστη
1874 2361 1985 2418 126

293 2450 487 2530 γνώμη
529 2449 600 2526 ἦν
644 2455 698 2513 ἐς
736 2449 840 2525 τὴν
880 2448 1167 2526 Μύρκινον
1198 2449 1452 2530 ἀπάγειν.
1534 2446 1638 2523 τήν
1678 2449 1781 2523 μὲν
1822 2446 1891 2521 δή

295 2539 615 2614 Μίλητον’
589 2539 870 2615 επιτρέπει
895 2536 1223 2618 Πυθαγόρῃ,
1252 2536 1409 2614 α’νδρὶ
1440 2540 1549 2595 τῶν
1584 2534 1771 2593 α’στῶν
1804 2534 1889 2593 δο-

295 2626 456 2705 κίμω·
501 2625 667 2688 αὖτος
699 2625 758 2683 δὲ
797 2624 1170 2702 παραλαβων
1186 2622 1370 2683 πάντα
1408 2649 1509 2683 τον
1531 2622 1887 2699 βουλόμενον

296 2714 460 2771 ἔπλεε
502 2718 556 2775 ἐς
596 2738 700 2825 τήν
733 2712 995 2789 Θρηίκην,
1034 2712 1127 2771 καὶ
1164 2713 1296 2789 ἔσχε
1336 2736 1442 2785 την
1476 2710 1663 2789 χώρην
1699 2708 1783 2769 ἐπ’
1820 2710 1891 2784 ἣν

191 2806 202 2815 ’
297 2800 531 2875 ἐστάλη.
615 2805 675 2859 ἐκ
712 2800 772 2859 δὲ
807 2799 1012 2875 ταύτης
1047 2796 1390 2875 ορμεώμενος
1428 2796 1748 2858 απόλλυται
1780 2796 1890 2854 ὖπο

295 2888 548 2965 Θρηικων
589 2887 754 2949 αὐτός
794 2912 856 2947 τε
903 2914 934 2947 ο
976 2884 1385 2965 Ἀρισταγόρης
1434 2885 1526 2943 καὶ
1572 2882 1603 2942 ὁ
1652 2880 1893 2957 στρατὸς

297 2974 484 3043 αὐτοῦ,
527 2972 697 3035 πόλιν
742 2973 1192 3050 περικατήμενος,
1241 2972 1333 3030 καὶ
1378 2968 1741 3047 βουλομένων
1782 2970 1911 3037 τῶν,

297 3062 548 3139 Θρηΐκων
585 3061 951 3123 ὑποσπόνδων
991 3060 1203 3131 ἐξιέναι.
