2192 3409
293 91 388 138 330
905 87 1268 138 ἮΡοΔοΤοί·
1768 89 1886 154 [IX.

295 172 354 230 εὖ
388 171 748 248 ἐστρωμένας,
781 171 870 229 καὶ
905 171 1179 248 τραπέζας
1218 191 1280 228 τε
1318 167 1562 248 χρυσέας
1602 170 1695 228 καὶ
1725 169 1892 252 σῖργυ-

294 261 440 337 ρέας,
491 260 582 318 καὶ
632 257 990 335 παρασκευὴν
1029 257 1467 338 μεγαλοπρεπέα
1507 261 1607 317 τοῦ
1648 257 1891 330 δείπνου,

293 349 642 428 ἐκπλαγέντα
697 346 771 406 τῑὶ
827 347 1161 424 προκείμενα
1224 343 1424 424 ἀγαθὰ,
1484 348 1747 404 κελεῦσαι
1800 347 1893 404 ἐπὶ

291 435 496 515 γέλωτι
531 433 659 497 τοῦς
695 437 894 492 ἑωυτοῦ
930 432 1216 508 διηκόνους
1247 431 1674 508 παρασκευάσαι
1699 438 1891 492 Λακω-

292 523 443 583 νικόν
461 523 698 582 δεῖπνον·
727 520 797 584 ὥς
823 520 882 579 δὲ
896 525 998 595 τῆς
1015 521 1203 596 θοίνης
1226 519 1554 595 ποιηθείσης
1577 519 1648 595 ἦν
1671 521 1894 580 πολλόν

291 609 358 668 τό
382 609 578 686 μέσον,
597 607 698 668 τὸν
716 607 1048 683 Παυσανίην
1067 606 1391 688 γελάσαντα
1416 607 1893 686 μεταπέμψασθαι

291 698 402 754 τῶν
447 693 738 768 Ἑλλήνων
787 693 920 759 τούς
973 692 1339 773 στρατηγούς·
1408 693 1790 753 συνελθόντων
1834 695 1893 753 δέ

291 782 544 855 τουτέων,
567 785 738 840 εἰπεῖν
762 779 861 841 τόν
889 781 1235 855 Παυσανίην,
1258 779 1539 839 δεικνύντα
1560 785 1615 844 ἐς
1634 781 1894 858 ἑκατέρην

291 873 394 929 τοῦ
443 868 666 928 δείπνου
717 866 822 943 τὴν
872 866 1251 946 παρασκευήν·
1312 878 1349 903 “
1366 865 1555 945 ἄνδρες
1597 866 1892 944 Ἕλληνες,

291 958 462 1018 τῶνδε
490 958 668 1016 εἵνεκα
695 955 801 1037 ἐγώ
825 955 997 1034 ὑμέας
1023 954 1358 1036 συνήγαγον,
1388 954 1738 1032 βουλόμενος
1763 955 1894 1032 ὖμῖν

293 1045 454 1104 τοῦδε
493 1047 594 1103 τοῦ
635 1043 846 1119 Μήδων
884 1042 1156 1124 ἡγεμόνος
1194 1042 1298 1117 τὴν
1315 1063 1323 1068 ·
1338 1041 1668 1118 ἀφροσύνην
1698 1043 1893 1112 δεῖξαι·

295 1131 356 1194 ὃς
381 1131 597 1208 τοιήνδε
622 1132 834 1190 δίαιταν
862 1132 1016 1209 ἔχων,
1045 1129 1187 1205 ἦλθε
1214 1134 1269 1192 ἐς
1292 1128 1471 1204 ἤμέας
1504 1128 1644 1188 οὕτω
1672 1129 1895 1208 ὄῖζυρῆν

363 1245 522 1281 οντας
587 1216 1083 1294 οἷπαιρησόμενος·”
1154 1221 1329 1276 ταῦτα
1390 1218 1496 1291 μὲν
1567 1220 1896 1295 Παυσανίην

297 1310 520 1387 λεγεται
548 1309 720 1365 εἰπεῖν
744 1305 885 1383 πρὸς
913 1304 1042 1367 τούς
1077 1303 1424 1385 στρατηγοὺς
1448 1306 1560 1364 τῶν
1584 1303 1888 1380 Ἑλλήνων.

202 1397 280 1455 83
294 1393 540 1473 Ὑστέρῳ
585 1394 776 1471 μέντοι
817 1391 1000 1472 χρόνῳ
1039 1390 1183 1468 μετά
1233 1395 1409 1451 ταῦτα
1451 1393 1543 1450 καὶ
1583 1395 1693 1452 τῶν
1735 1399 1892 1452 Πλα-

294 1483 490 1541 ταιέων
515 1478 676 1559 εὗρον
707 1480 909 1558 συχνοὶ
945 1477 1119 1554 θήκας
1153 1482 1368 1558 χρυσοῦ
1408 1479 1499 1537 καὶ
1533 1479 1775 1560 ἀργύρου
1804 1484 1895 1540 καὶ

295 1572 406 1629 τῶν
431 1568 623 1628 ἄλλων
655 1566 971 1647 χρημάτων.
1055 1564 1236 1642 ἐφάνη
1272 1567 1331 1625 δὲ
1372 1568 1463 1626 καὶ
1494 1566 1622 1626 τόδε
1658 1566 1894 1646 ὕστερον

295 1657 376 1715 ἔτι
399 1654 621 1724 τούτων,
649 1659 758 1714 τῶν
787 1655 991 1730 νεκρῶν
1027 1653 1507 1731 περιψιλωθέντων
1532 1653 1629 1718 τοὶς
1658 1655 1891 1732 σάρκας·

297 1742 637 1818 συνεφόρεον
699 1739 806 1820 γὰρ
859 1739 932 1800 τοὶ
987 1738 1161 1800 ὄστέα
1222 1745 1275 1800 οἱ
1328 1743 1639 1806 Πλαταιέες
1692 1749 1747 1806 ἐς
1801 1744 1895 1803 ἕνα

296 1834 498 1909 χῶρον·
541 1828 735 1904 εὑρέθη
773 1827 996 1904 κεφαλὴ
1025 1828 1124 1888 οὐκ
1162 1830 1373 1907 ἔχουσα
1402 1829 1593 1905 ῥαφῆν
1620 1829 1892 1907 οὐδεμίαν,

295 1916 450 1975 ἀλλὰ
493 1917 555 1985 ἐξ
595 1914 713 1978 ἑνός
755 1920 930 1975 ἐοῦσα
967 1915 1186 1976 ὀστέου·
1243 1915 1421 1990 ἐφάνη
1464 1917 1523 1974 δὲ
1560 1916 1651 1973 καὶ
1690 1917 1894 1996 γνάθος

299 2004 389 2062 καὶ
414 2004 478 2064 τό
516 2003 624 2064 ἅνω
655 2008 756 2078 τῆς
785 2003 1009 2084 γνάθου,
1045 2004 1255 2081 ἔχουσα
1289 2000 1515 2063 ὀδόντας
1544 2005 1897 2078 μουνοφυέας

297 2093 361 2161 ἔξ
411 2091 528 2155 ἔνὸς
571 2091 772 2152 ὀστέου
814 2091 1036 2162 πάντας,
1082 2087 1211 2151 τούς
1255 2113 1318 2147 τε
1358 2086 1584 2150 ὀδόντας
1628 2088 1719 2146 καὶ
1764 2089 1893 2154 τούς

299 2182 594 2261 γομφίους·
639 2181 730 2238 καὶ
755 2177 1137 2256 πενταπήχεος
1163 2174 1362 2253 ἅνδρός
1386 2173 1561 2234 όστέα
1586 2176 1785 2253 ἐφάνη.

205 2271 282 2328 84
379 2267 542 2327 Ἐπεί
581 2293 643 2328 τε
684 2267 742 2326 δὲ
782 2263 1104 2342 Μαρδονίου
1145 2263 1368 2342 δευτέρῃ
1410 2262 1590 2342 ἡμέρῃ
1634 2263 1664 2323 ὅ
1707 2266 1897 2342 νεκρὰς

299 2355 600 2430 ἠφάνιστο·
640 2352 732 2412 ὕπ’
758 2352 884 2413 ὅτευ
923 2355 1026 2429 μὲν
1067 2351 1385 2429 ἀνθρώπων,
1428 2351 1493 2411 τὸ
1536 2351 1757 2428 άτρεκὲς
1798 2353 1896 2412 οὐκ

301 2444 406 2520 ἔχω
446 2446 632 2501 εἰπεῖν·
672 2439 926 2502 πολλοῦς
967 2440 1029 2498 δέ
1058 2463 1211 2501 τινας
1251 2437 1358 2514 ἤδη
1396 2438 1487 2497 καὶ
1513 2439 1898 2504 παντοδαπους

225 2552 233 2560 ·
299 2529 516 2604 ἥκουσα
562 2526 739 2605 θάψαι
785 2525 1121 2604 Μαρδόνιον,
1169 2524 1261 2584 καὶ
1309 2525 1457 2603 δῶρα
1500 2527 1727 2606 μεγάλα
1774 2528 1898 2586 οἶδα

299 2617 586 2690 λαβόντας
613 2613 866 2676 πολλοῦς
906 2613 1060 2689 παρὰ
1089 2611 1397 2691 Ἀρτόντεω
1437 2617 1539 2672 τοῦ
1580 2614 1898 2690 Μαρδονίου

298 2701 493 2762 παιδός
527 2701 618 2759 διὰ
651 2705 819 2761 τοῦτο
851 2699 917 2762 r&
961 2701 1140 2782 ἔργον.
1224 2699 1381 2762 ὅστις
1406 2700 1596 2776 μέντοι
1626 2699 1695 2775 ἦν
1722 2700 1899 2760 αὐτῶν

298 2783 331 2842 ὁ
357 2784 698 2860 ὖπελόμενός
715 2811 778 2846 τε
797 2787 890 2846 καὶ
907 2788 1090 2866 θάψας
1109 2787 1209 2848 τόν
1227 2788 1422 2865 νεκρόν
1441 2788 1541 2848 τόν
1560 2789 1897 2865 Μαρδονίου,

300 2868 366 2925 οὗ
406 2870 641 2945 δύναμαι
679 2871 947 2949 ἀτρεκέως
986 2875 1285 2934 πυθέσθαι·
1330 2876 1443 2955 ἔχει
1476 2876 1538 2934 δέ
1566 2902 1689 2935 τινα
1732 2875 1899 2950 φάτιν

300 2955 390 3009 καὶ
417 2956 862 3034 Διονυσοφάνης,
883 2958 1024 3036 ἀνὴρ
1049 2960 1336 3037 Ἐφέσιος,
1364 2962 1541 3038 θάψαι
1562 2961 1894 3039 Μαρδόνιον.

206 3034 282 3086 85
299 3034 428 3134 (τ’-αλλ’
461 3036 494 3094 ὅ
519 3039 622 3111 μὲν
650 3041 841 3120 τρόπῳ
876 3047 1110 3125 τοιούτῳ
1138 3048 1339 3122 ἐτάφη.
1426 3053 1499 3107 Οἱ
1536 3049 1595 3107 δὲ
1620 3048 1901 3124 ’Έλληνες

301 3141 370 3175 ως
396 3123 452 3175 ἐν
487 3125 818 3198 Πλαταιῇσι
847 3127 954 3201 τὴν
985 3132 1153 3206 ληίην
1185 3133 1473 3208 διείλοντο,
1508 3136 1748 3194 ἔθαπτον
1774 3137 1902 3198 τούς

301 3201 510 3258 ἑωυτῶν
553 3207 720 3276 χωρὶς
765 3208 1005 3271 ἕκαστοι.
1092 3219 1521 3292 Λακεδαιμόνιοι
1562 3224 1669 3296 μὲν
1713 3223 1902 3299 τριξὰς
