2192 3409
297 96 360 145 ³6
882 93 1264 144 memoror
1798 94 1895 159 [V.

293 199 384 259 τες
417 170 656 253 ἑχούσης
683 177 738 238 ές
763 173 1111 250 Ἀθηναίους,
1138 170 1265 233 τότε
1292 172 1559 247 Θηβαίων
1600 170 1901 248 δεηθέντων

297 260 550 338 πόλεμον
577 260 886 337 ἀκήρυκτον
910 260 1266 337 Ἀθηναίοισι
1294 260 1585 335 ἐπέφερον·
1631 263 1899 337 ἐπικειμέ-

293 376 399 411 νων
441 350 550 432 γαῖρ
597 348 776 409 αὖτῶν
817 354 1134 418 Βοιωτοῖσι,
1181 346 1601 412 ἐπιπλώσαντες
1644 352 1901 425 μακρῇσι

293 438 459 514 νηυσὶ
504 442 557 500 ἐς
599 436 702 513 τήν
736 435 1012 511 Ἀττικήν,
1053 436 1195 495 κατὰ
1236 438 1340 514 μὲν
1380 436 1582 511 ἔσυραν
1617 434 1898 513 Φάληρον,

297 525 436 586 κατοῖ
465 525 524 583 δὲ
551 528 650 599 τῆς
681 523 865 601 ἄλλης
893 523 1175 603 παραλίης
1215 524 1468 587 πολλοῦς
1504 523 1733 601 δήμους·
1775 550 1898 583 ποι-

295 617 476 673 εῦντες
502 612 562 670 δὲ
587 616 778 685 ταῦτα,
809 612 1067 694 μεγάλως
1091 610 1422 690 Ἀθηναίους
1448 610 1721 672 ἐσίνοντο.

200 703 276 759 82
376 698 450 759 H
485 699 545 758 δὲ
585 700 758 779 ἔχθρη
799 727 836 775 η
877 702 1335 779 προοφειλομένη
1374 705 1429 763 ε’ς
1467 696 1796 775 Αθηναίους
1838 705 1899 759 ἐκ

297 792 407 846 τῶν
435 788 841 867 Αἶγινητέων,’
816 790 1034 869 εγένετο
1061 787 1184 858 ἐξ
1149 793 1327 868 αρχῆς
1350 786 1599 863 τοιῆσδε·
1640 786 1895 847 Ἐπιδαυ-

296 875 473 951 ρίοισι
513 873 551 951 ἦ
591 881 667 957 γῆ
711 877 926 955 καρπὸν
953 876 1151 937 ουδένα
1177 875 1444 936 ἀνεδίδου.
1528 874 1655 953 περὶ
1694 874 1899 951 ταύτης

297 961 372 1022 ὧν
411 968 512 1040 τῆς
549 970 851 1041 συμφορῆς
891 967 946 1024 οἱ
970 962 1317 1039 Ἐπιδαύριοι
1359 964 1629 1042 ἐχρέωντο
1666 968 1725 1023 έν
1752 968 1897 1023 Δελ-

301 1055 487 1127 φοῖσι·
529 1052 566 1129 ἦ
612 1053 670 1113 δὲ
714 1053 902 1129 Πῦθίη
943 1054 1130 1129 σφέας
1174 1051 1392 1111 ἐκέλευε
1434 1052 1654 1127 Δαμίης
1700 1076 1761 1110 τε
1806 1052 1898 1110 καὶ

295 1138 580 1218 Αὐξησίης
607 1140 912 1223 ἀγάλματα
953 1139 1308 1218 ἱδρύσασθαι,
1337 1138 1435 1197 καί
1460 1144 1574 1215 σφι
1602 1138 1896 1217 ἱδρυσαμέ-

295 1251 445 1288 νοισι
479 1229 706 1307 ἄμεινον
747 1229 1135 1290 συνοίσεσθαι·
1178 1226 1503 1305 ἐπειρώτεον
1546 1226 1618 1286 ὧν
1658 1230 1713 1286 οἶ
1742 1226 1896 1287 Ἐπι-

299 1314 512 1394 δαύριοι
565 1316 764 1394 κότερα
817 1320 1038 1396 χαλκοῦ
1083 1315 1379 1376 ποιέωνται
1424 1312 1521 1395 [τὰ
1567 1314 1893 1397 ἀγάλματα]

295 1401 332 1477 ἢ
359 1404 542 1465 λίθου·
583 1405 620 1481 ἦ
649 1405 708 1463 δὲ
750 1406 936 1480 Πυθίη
975 1403 1234 1480 οὐδέτερα
1264 1401 1474 1463 τούτων
1503 1404 1581 1476 ἔα,
1612 1402 1767 1462 ἀλλά
1807 1403 1894 1474 ξύ-

295 1493 401 1548 λου
442 1490 653 1568 ἡμέρης
680 1492 889 1566 ε’λαίης·
933 1490 1151 1551 ἐδέοντο
1181 1490 1254 1551 ὧν
1280 1493 1335 1549 οἶ
1359 1489 1707 1567 Ἐπιδαύριοι
1731 1491 1895 1567 Ἀθη-

295 1577 460 1637 ναίων
515 1577 707 1653 ἐλαίην
755 1584 868 1653 σφι
922 1578 1113 1637 δοῦναι
1156 1578 1456 1655 ταμέσθαι,
1508 1578 1773 1654 ἶραπάτας
1825 1578 1895 1655 δή

300 1664 479 1727 κείνας
521 1665 834 1742 νομίζοντες
877 1664 1034 1723 εἶναι·
1090 1664 1318 1747 λέγεται
1363 1665 1422 1725 δὲ
1465 1666 1559 1725 καὶ
1600 1665 1671 1729 ὥς
1713 1670 1911 1727 ε’λαῖαι·

298 1750 449 1827 ἦσαν
489 1751 698 1813 ἄλλοθι
738 1756 844 1832 γῆς
879 1752 1130 1831 οὖδαμοῧ
1171 1751 1288 1812 κατ’
1317 1757 1524 1815 ἐκεῖνον
1546 1752 1649 1814 τὸν
1672 1754 1892 1833 χρόνον,

297 1837 334 1914 ἦ
360 1837 654 1919 Ἀθήνῃσι·
698 1841 836 1901 οἶδὲ
871 1841 962 1902 ε’πὶ
1002 1841 1195 1902 τοῖσδε
1235 1840 1435 1902 δώσειν
1476 1843 1715 1918 ἔφασαν,
1744 1842 1829 1901 ἐπ’
1854 1841 1897 1922 ᾧ

298 1925 578 1996 ἀπάξουσι
607 1928 755 1992 ἔτεος
780 1928 1019 1989 ἑκάστου
1044 1931 1118 2009 τῇ
1143 1929 1411 2007 Ἀθηναίῃ
1436 1933 1509 2007 τῇ
1531 1930 1775 1989 Πολιάδι
1804 1930 1895 2007 ἱροὶ

298 2014 390 2072 καὶ
432 2019 508 2093 τῷ
546 2013 823 2094 Ἐρεχθέῖ·
866 2018 1290 2080 καταινέσαντες
1332 2016 1378 2077 δ’
1413 2015 1506 2076 ε’πὶ
1547 2017 1800 2079 τούτοισι
1840 2021 1895 2078 οἱ

296 2099 658 2179 Ἐπιδαύριοι,
685 2106 795 2163 τῶν
818 2128 881 2162 τε
909 2102 1130 2165 ε’ὃέοντο
1157 2106 1353 2184 ἔτυχον
1381 2106 1471 2163 καὶ
1498 2102 1803 2185 ἀγάλματα
1832 2106 1894 2165 ἔκ

293 2192 404 2249 τῶν
432 2188 659 2251 ἐλαιέων
683 2190 921 2252 τουτέων
949 2191 1322 2271 ποιησάμενοι
1366 2192 1682 2271 ἱδρύσαντο·
1726 2195 1817 2252 καὶ
1856 2192 1895 2270 ἦ

295 2304 356 2337 τε
381 2282 456 2360 γῆ
483 2285 596 2355 σφι
624 2281 804 2358 ἔφερε,
827 2280 920 2339 καὶ
944 2278 1297 2357 Ἀθηναίοισι
1324 2281 1615 2340 ἐπετέλεον
1637 2281 1711 2339 τοὶ
1736 2283 1894 2341 συνέ-

201 2368 277 2423 83
297 2367 469 2428 θεντο.
556 2372 768 2430 Τοῦτον
805 2366 852 2429 δ’
879 2369 960 2428 ἔτι
994 2369 1093 2429 τόν
1124 2366 1330 2447 χρόνον
1372 2370 1463 2427 καὶ
1498 2367 1610 2445 πρό
1650 2372 1768 2438 τοῦ,
1796 2372 1892 2428 Αἰ-

293 2460 513 2535 γινῆται
553 2454 920 2533 Ἐπιδαυρίων
959 2455 1166 2532 ἤκουον
1201 2455 1273 2515 τά
1302 2483 1365 2517 τε
1400 2454 1572 2526 ἅλλα,
1612 2456 1704 2515 καὶ
1741 2456 1893 2520 δίκας

293 2542 673 2617 διαβαίνοντες
716 2548 772 2607 ε’ς
803 2542 1139 2619 Ἐπίδαυρον
1180 2542 1440 2604 ἐδίδοσάν
1478 2568 1542 2605 τε
1586 2543 1679 2601 καὶ
1722 2543 1892 2621 ε’λάμ-

297 2629 478 2703 βανον
503 2629 634 2706 παρ’
661 2628 929 2705 ἀλλήλων
961 2633 1015 2689 οἶ
1039 2634 1354 2713 Αἰγινῆται·
1394 2630 1462 2691 τό
1488 2630 1547 2689 δὲ
1574 2629 1687 2691 α’,πό
1713 2631 1891 2701 τοῦδε,

293 2715 426 2790 νῆάς
451 2741 512 2775 τε
537 2715 843 2792 πηξάμενοι
871 2717 962 2777 καὶ
987 2716 1357 2798 ἀγνωμοσύνῃ
1376 2716 1745 2797 χρησάμενοι,
1762 2716 1892 2777 οἷπέ-

293 2828 515 2878 στησαν
554 2802 667 2863 α’πό
716 2808 825 2863 τῶν
868 2802 1253 2882 Ἐπιδαυρίων·
1299 2803 1396 2864 ἅτε
1440 2806 1499 2867 δὲ
1551 2804 1731 2869 ε’όντες
1780 2804 1892 2864 διά-

295 2897 480 2967 φοροι,
518 2890 783 2968 δηλέοντο
828 2890 1026 2955 αὐτοῦς
1067 2890 1215 2952 ὥστε
1256 2891 1324 2967 δὴ
1363 2891 1894 2971 θαλασσοκράτορες

293 2977 488 3049 ἐόντες,
520 2979 612 3037 καὶ
639 2978 706 3054 δή
735 2978 826 3036 καὶ
853 2976 924 3037 τοὶ
951 2976 1269 3056 ἀγάλματα.
1280 2983 1457 3038 ταῦτα
1476 2984 1577 3053 τῆς
1594 3006 1656 3039 τε
1673 2980 1893 3057 Δαμίης

299 3064 392 3121 καὶ
416 3068 518 3138 τῆς
544 3063 829 3138 Αὐξησίης
855 3061 1211 3137 ὑπαιρέονται
1238 3062 1434 3135 αὐτῶν,
1463 3067 1559 3123 καί
1580 3072 1736 3141 σφεα
1774 3072 1892 3127 ε’κο·

293 3148 536 3223 μίσαντό
577 3175 639 3207 τε
685 3150 776 3217 καὶ
821 3143 1118 3224 ἱδρύσαντο
1151 3152 1251 3223 τῆς
1294 3152 1573 3227 σφετέρης
1614 3153 1798 3229 χώρης
1840 3160 1891 3216 ἐς

295 3232 400 3307 τὴν
437 3233 768 3309 μεσόγαιαν·
810 3236 881 3309 τῇ
911 3234 1024 3309 Οἴη
1055 3235 1161 3309 μέν
1188 3238 1311 3293 ἐστι
1337 3235 1561 3313 οὕνομα,
1589 3237 1794 3297 στάδια
1833 3238 1893 3297 δὲ
