2192 3409
276 76 369 123 258
888 72 1252 123 ·11P0A0'1=o¹r
1691 70 1878 134 [v111.

273 154 337 213 τό
367 150 631 230 δράμημα
648 154 759 213 τιῗν
789 150 970 211 ἵππων
997 152 1267 210 καλέουσι
1294 150 1520 255 Πέρσόι
1545 147 1880 231 οἷγγαρήῖον.

181 244 255 302 99
275 240 349 299 Ἡ
380 243 482 317 μὲν
518 239 587 315 δὴ
624 241 815 317 πρώτη
850 243 905 302 ἐς
944 241 1141 303 Σοῦσα
1175 236 1412 319 ἀγγελίη
1445 239 1769 314 απικομένη,
1809 240 1885 304 ὦς

279 331 397 409 ἔχοι
437 328 677 403 Ἀθήνας
717 328 943 405 Ξέρξης,
992 327 1187 403 ἔτερψε
1229 326 1368 385 οὕτω
1409 325 1478 401 δή
1517 350 1573 385 τι
1616 328 1884 403 Περσέων

274 417 403 480 τούς
428 416 888 491 ὑπολειφθέντας,
920 416 989 479 ὥς
1015 413 1115 477 τάς
1139 440 1201 474 τε
1229 412 1389 477 ὁδοῦς
1423 414 1666 491 μυρσίνῃ
1691 414 1884 479 πάσας

279 504 586 581 ἐστόρεσαν
630 503 723 563 καὶ
757 504 991 579 ἐθυμίων
1027 501 1367 579 θυμιήματα,
1405 501 1498 579 καὶ
1535 500 1693 559 αὐτοὶ
1732 500 1885 575 ἦσαν

280 598 336 651 ἐν
382 592 618 669 θυσίῃσί
652 616 713 649 τε
760 592 849 648 καὶ
896 588 1214 668 εὖπαθίῃσι·
1285 588 1321 663 ἦ
1377 588 1436 646 δὲ
1491 588 1715 665 δευτέρη
1769 596 1885 665 σφι

276 679 513 759 ἀγγελίη
580 678 961 747 ἐπεξελθοῦσα
1020 678 1252 756 συνέχεε
1320 676 1477 745 οὕτω,
1547 675 1693 735 ὥστε
1752 678 1885 741 τούς

279 768 511 829 κιθῶνας
551 765 953 843 κατερρήξαντο
1002 764 1221 833 πάντες,
1269 765 1387 843 ,3σῇ
1425 788 1490 823 τε
1531 763 1623 822 καὶ
1665 767 1883 845 οἰμωγῇ

282 853 547 933 ἐχρέωντο
576 852 816 931 ἀπλέτῳ,
846 850 1165 928 Μαρδόνιον
1193 856 1251 912 ἐν
1279 852 1426 930 αἰτίῃ
1451 851 1709 915 τιθέντες.
1783 850 1884 911 οὐκ

286 942 426 1001 οὕτω
463 942 522 1001 δὲ
554 941 682 1019 περὶ
716 944 825 1001 τῶν
858 943 1001 1016 νηῶν
1038 939 1341 1019 ἀχθόμενοι
1365 943 1542 999 ταῦτα
1569 942 1622 998 οἱ
1659 940 1886 1015 Πέρσαι

287 1031 519 1101 ἐποίευν,
550 1028 621 1093 ὥς
646 1030 774 1107 περὶ
801 1027 947 1106 αὐτῷ
971 1027 1153 1105 Ξέρξῃ
1175 1027 1558 1104 δειμαίνοντες.
1641 1026 1732 1085 καὶ
1756 1029 1885 1104 περὶ

283 1120 514 1196 Πέρσας
565 1120 669 1195 μὲν
708 1116 779 1193 ἦν
819 1120 994 1176 ταῦτα
1039 1116 1138 1175 τὸν
1186 1115 1368 1175 πάντα
1419 1114 1628 1191 μετσξῦ
1679 1115 1885 1193 χρόνον

281 1207 592 1287 γενόμενον,
623 1205 791 1285 μέχρι
818 1201 883 1263 οὗ
911 1204 1124 1281 Ξέρξης
1149 1202 1316 1266 αὖτός
1343 1208 1526 1278 σφεας
1553 1201 1886 1280 ἀπικόμενος

282 1296 507 1353 ἔπαυσε.

190 1384 303 1442 100
409 1381 725 1459 Μαρδόνιος
778 1381 836 1439 δὲ
896 1378 1063 1458 ὁρέων
1131 1381 1236 1455 μὲν
1304 1378 1518 1456 Ξέρξην
1580 1379 1886 1456 συμφορὴν

279 1470 534 1552 μεγάλην
578 1474 637 1529 ἐκ
687 1473 788 1545 τῆς
830 1468 1137 1546 ναυμαχίης
1177 1467 1515 1544 ποιεύμενον,
1561 1466 1884 1527 ὑποπτεύων

286 1559 345 1617 δὲ
373 1556 540 1617 αὐτὸν
566 1557 821 1634 δρησμὸν
846 1554 1142 1632 βουλεύειν
1172 1560 1232 1614 ἐκ
1257 1560 1368 1615 τῶν
1394 1553 1685 1629 Ἀθηνέων,
1715 1560 1884 1629 φρον-

280 1646 442 1706 τίσας
468 1642 609 1720 πρὸς
638 1643 838 1703 ἐωυτόν
876 1642 948 1705 ὥς
980 1642 1146 1715 δώσει
1173 1642 1330 1717 δίκην
1357 1640 1684 1721 ἀναγνώσας
1709 1643 1882 1715 βασι-

282 1732 387 1789 λέα
424 1730 829 1806 στρατεύεσθαι
867 1731 957 1789 ἐπὶ
983 1730 1087 1805 τήν
1113 1728 1382 1797 Ἑλλάδα,
1420 1728 1516 1787 καί
1549 1731 1602 1787 οἱ
1639 1730 1884 1804 κρέσσον

282 1819 365 1893 εἴη
398 1816 849 1877 ἀνακινδυνεῦσαι
877 1814 913 1891 ἢ
940 1815 1399 1897 κατεργάσασθαι
1424 1815 1526 1891 τὴν
1550 1814 1819 1885 Ἑλλάδα,
1844 1814 1883 1891 ἦ

287 1905 454 1965 αὐτὸν
499 1908 679 1967 καλῶς
724 1908 1058 1978 τελευτῆσαι
1107 1903 1206 1963 τᾶν
1260 1904 1393 1979 βίον
1438 1902 1576 1981 ὑπὲρ
1623 1902 1884 1983 μεγάλων

283 1992 636 2069 αἰωρηθέντα·
680 1992 855 2051 πλέον
886 1991 1075 2067 μέντοι
1112 1992 1276 2069 ἔφερέ
1311 1994 1365 2050 οἱ
1397 1990 1434 2067 ἦ
1463 1990 1658 2071 γνώμη
1695 2016 1882 2068 κατερ-

281 2079 494 2161 γάσθαι
526 2078 629 2155 τήν
668 2078 941 2138 Ἑλλάδα·
984 2079 1362 2159 λογισάμενος
1391 2078 1464 2137 ὧν
1487 2083 1679 2147 ταῦτα,
1706 2104 1880 2153 προσ-

288 2170 452 2245 έφερε
504 2165 603 2228 τόν
657 2168 829 2248 λόγον
882 2166 1058 2227 τόνδε·
1126 2176 1159 2201 “
1180 2166 1444 2237 δέσποτα,
1495 2165 1636 2243 μήτε
1689 2166 1881 2235 λυπέο,

280 2255 423 2333 μήτε
492 2256 790 2335 συμφορὴν
856 2256 1133 2333 μηδεμίαν
1200 2253 1454 2337 μεγάλην
1515 2258 1674 2313 ποιεῦ
1723 2254 1884 2313 τοῦδε

282 2350 384 2405 τοῦ
436 2343 732 2428 γεγονότος
774 2344 975 2404 εἵνεκεν
1022 2342 1368 2423 πρήγματος·
1433 2340 1498 2401 οὖ
1550 2340 1659 2422 γὰρ
1705 2342 1884 2410 ξύλων

284 2433 432 2514 οἷγών
486 2433 516 2493 ὅ
569 2434 635 2493 τὸ
690 2436 802 2491 πᾶν
858 2433 1041 2507 φέρων
1108 2430 1229 2491 ἐστὶ
1282 2429 1433 2507 ἡμῖν,
1487 2428 1620 2491 ἀλλ’
1675 2428 1887 2506 ἀνδρῶν

283 2548 343 2581 τε
388 2522 479 2581 καὶ
524 2522 720 2580 ἵππων·
764 2520 861 2578 σοὶ
902 2520 959 2577 δὲ
1002 2518 1131 2579 οὔτε
1167 2543 1251 2582 τις
1284 2517 1494 2577 τούτων
1527 2520 1638 2576 τῶν
1670 2517 1736 2576 τὰ
1773 2522 1886 2575 πᾶν

284 2616 395 2683 σφι
439 2608 543 2683 ἤδη
588 2607 884 2667 δοκεόντων
934 2606 1317 2687 κατεργάσθαι
1357 2603 1584 2681 οἷποβσῖς
1625 2603 1736 2663 οἷπὸ
1777 2609 1886 2664 τῶν

286 2700 420 2754 νεῶν
458 2694 785 2773 πειρήσεται
838 2693 1184 2769 ἀντιωθῆναι,
1235 2692 1346 2751 οὔτ’
1391 2698 1450 2751 ἐκ
1505 2696 1604 2767 τῆς
1655 2690 1886 2768 ἠπείρου

287 2782 480 2856 τῆσδε·
524 2780 664 2837 οἵτε
690 2779 824 2854 ἡμῖν
850 2780 1218 2856 ἠντιώθησαν,
1252 2780 1451 2838 ἔδοσαν
1479 2779 1641 2841 δίκας.
1712 2782 1758 2837 εἶ
1781 2778 1887 2853 μέν

284 2892 379 2926 νυν
426 2866 614 2937 δοκέει,
664 2865 882 2931 αὐτίκα,
906 2866 1223 2943 πειρώμεθα
1271 2870 1370 2941 τῆς
1420 2864 1884 2939 Πελοποννήσου·

288 2957 333 3009 εἰ
370 2953 428 3009 δὲ
456 2951 547 3009 καὶ
573 2952 749 3009 δοκέει
776 2957 1046 3031 ἐπισχεῖν,
1076 2954 1310 3031 παρέχει
1335 2954 1542 3011 ποιέειν
1569 2956 1762 3012 ταῦτα·
1803 2955 1884 3027 μή

288 3038 345 3094 δὲ
378 3037 661 3111 δυσθύμει·
714 3037 777 3096 οὖ
813 3038 921 3117 γάρ
959 3043 1081 3097 ἐστι
1109 3039 1362 3114 Ἕλλησι
1405 3038 1632 3113 οὐδεμία
1669 3038 1886 3099 ἔκδυσις
1943 3062 1952 3071 ·

286 3121 367 3196 μὴ
389 3122 451 3179 οὗ
474 3122 666 3183 δόντας
688 3122 863 3201 λόγον
880 3127 991 3182 τῶν
1015 3126 1286 3199 ἐποίησαν
1306 3128 1402 3203 νῦν
1420 3150 1482 3183 τε
1503 3123 1594 3181 καὶ
1613 3121 1884 3199 πρότερον

288 3206 426 3263 εἶναι
455 3206 587 3268 σούς
609 3206 857 3269 δούλους.
897 3208 1154 3284 μάλιστα
1174 3210 1279 3286 μέν
1303 3234 1399 3269 νυν
1423 3212 1598 3269 ταῦτα
1623 3206 1792 3267 ποίεε·
1836 3212 1885 3267 εἰ
