2192 3409
310 68 404 116 190
918 66 1283 115 ἩΡοΔοίὀϊ
1737 29 1892 129 [νΠζ

302 146 514 221 φθῆναι
538 147 638 221 τῆς
656 145 975 223 ναυμαχίης.
1034 143 1189 205 οὗτοι
1213 147 1320 222 μὲν
1345 142 1485 205 οὕτω
1505 144 1897 221 διεκρούσαντο

298 232 427 295 τούς
441 231 749 308 Ἕλληνας.

204 320 317 378 169
420 323 638 396 Κρῆτες
691 320 767 389 δὲ,
826 319 950 379 ε’πεί
995 320 1061 379 τέ
1112 325 1297 395 σφεας
1347 319 1792 397 παρελάμβανον
1844 323 1896 381 οῗ.
1973 346 1985 359 ⁴

297 408 387 465 ἐπὶ
414 407 665 467 τούτοισι
702 408 1005 485 ταχθέντας
1028 405 1334 482 Ἑλλήνων,
1365 408 1636 482 ἐποίησαν
1661 408 1894 469 τοιόνδε·

296 496 614 572 πέμψαντες
655 498 811 571 κοινῇ
853 494 1200 570 θεοπρόπους
1241 499 1296 557 ἐς
1329 494 1593 569 Δελφοὺς
1627 495 1726 555 τὸν
1767 495 1895 557 θεόν

296 580 617 656 ἐπειρώτων,
662 581 713 639 εἴ
750 586 862 655 σφι
913 580 1138 657 ἄμεινον
1188 582 1400 661 γίνεται
1439 582 1772 658 τιμωρέουσι
1823 584 1896 662 τῇ

292 666 565 737 Ἑλλάδι;
606 667 657 745 ἦ
692 668 753 727 δὲ
784 669 971 743 Πυθίη
1005 668 1356 746 ύπεκρίνατο·
1410 679 1445 705 “
1463 668 1504 727 ὦ
1538 668 1742 743 νήπιοι,
1781 675 1894 729 ἐπι·

293 756 591 831 μέμφεσθε
634 754 747 815 ὅσα
786 754 919 831 ὑμῖν
956 761 1015 815 ἐκ
1051 760 1160 816 τῶν
1196 757 1459 834 Μενέλεῳ
1493 757 1894 833 τιμωρημάτων

293 843 483 905 Μίνως
524 844 737 921 ἔπεμψε
780 843 988 920 μηνίων
1040 842 1376 919 δακρύματα,
1426 842 1514 903 ὅτι
1567 846 1621 903 οἶ
1669 846 1775 919 μὲν
1827 837 1893 904 ού

292 929 767 1007 συνεξεπρήξαντο
792 930 940 1009 αὐτῷ
972 929 1070 989 τόν
1115 935 1172 988 ἐν
1210 932 1444 1009 Καμίκῳ
1471 928 1709 991 θάνατον
1737 930 1889 1010 γενό-

289 1041 474 1093 μενον,
494 1018 651 1094 ὑμεῖς
670 1018 730 1076 δὲ
751 1018 983 1077 κείνοισι
1007 1018 1112 1093 τήν
1138 1021 1198 1077 ἐκ
1217 1016 1890 1095 Σπάρτηςαῖρπαχθεῖσαν

292 1103 385 1163 ὕπ’
421 1103 618 1183 ἅνδρὸς
656 1102 961 1182 βαρβάρου
1000 1103 1284 1185 γυναῖκα.”
1365 1107 1540 1165 ταῦτα
1578 1107 1632 1163 οἶ.
1673 1107 1890 1181 Κρῆτες

290 1191 360 1254 ὥς
412 1191 805 1271 ἀπενειχθέντα
854 1190 1120 1268 ἤκουσαν,
1168 1192 1406 1269 ἔσχοντο
1456 1195 1558 1267 τῆς
1608 1194 1889 1268 τιμωρίης.

196 1280 311 1337 170
328 1279 569 1361 Λέγεται
606 1280 716 1359 γὰρ
757 1280 951 1340 Μίνων
990 1278 1133 1339 κατοῖ
1173 1278 1408 1354 ζήτησιν
1441 1277 1728 1337 Δαιδάλου
1763 1279 1890 1339 άπι-

287 1364 521 1443 κόμενον
562 1372 618 1431 ἐς
660 1368 921 1443 Σικανίην
952 1392 1057 1443 την
1089 1370 1188 1427 νῦν
1229 1366 1508 1441 Σικελίην
1526 1366 1882 1441 καλευμένην,

284 1453 587 1515 ἀποθανεῖν
628 1456 797 1533 βιαίω
839 1454 1075 1533 θανάτῳ·
1139 1451 1245 1513 ανοὶ
1287 1452 1347 1511 δὲ
1389 1452 1593 1531 χρόνον
1639 1456 1885 1530 Κρῆτας,

286 1542 415 1601 θεοῦ
456 1548 573 1616 σφε
616 1540 1028 1617 ἐποτρύναντος,
1066 1540 1278 1603 πάντας
1308 1541 1462 1615 πλὴν
1504 1541 1886 1619 Πολιχνιτέων

282 1654 345 1687 τε
398 1629 490 1686 καὶ
542 1628 835 1705 Πραισίων
888 1627 1252 1704 ἀπικομένους
1311 1628 1502 1705 στόλῳ
1549 1628 1777 1709 μεγάλῳ
1829 1634 1886 1693 ἐς

285 1714 563 1791 Σικανίην,
590 1715 936 1795 πολιορκέειν
963 1715 1047 1775 ἐπ’
1076 1716 1200 1775 ἔτεα
1218 1714 1383 1775 πέντε
1409 1714 1581 1775 πόλιν
1609 1716 1882 1791 Κάμικον·

280 1802 387 1877 τήν
426 1802 543 1862 κατ’
576 1804 673 1879 ε’μέ
706 1802 1130 1883 Ἀκραγαντῖνοι
1162 1802 1438 1879 ἐνέμοντο·
1493 1803 1658 1865 τέλος
1698 1802 1771 1875 δὲ,
1816 1801 1883 1863 ού

282 1889 611 1965 δυναμένους
646 1888 771 1949 οὔτε
806 1894 967 1963 ἑλεῖν,
1000 1888 1124 1951 οὔτε
1150 1888 1488 1967 παραμένειν
1512 1893 1659 1967 λιμῷ
1683 1916 1881 1950 συνεσ-

279 1980 499 2045 τεῶτας,
527 1976 906 2041 ἀπολιπόντας
932 1978 1209 2056 οἴχεσθαι·
1239 1974 1311 2039 ὥς
1335 1976 1397 2034 δὲ
1427 1976 1568 2035 κατοῖ
1594 1974 1880 2057 Ἰηπυγίην

278 2065 541 2145 γενέσθαι
600 2064 903 2135 πλώοντας,
962 2062 1352 2141 ὑπολαβόντα
1389 2062 1577 2138 σφέας
1633 2068 1880 2141 χειμῶνα

276 2152 455 2233 μέγαν
486 2153 780 2228 ε’κβαλέειν
814 2159 870 2217 ἐς
899 2153 1002 2229 τήν
1031 2156 1160 2233 γῆν·
1201 2146 1658 2228 συναραχθέντων
1684 2149 1744 2208 δὲ
1767 2156 1878 2211 τῶν

278 2240 529 2311 πλοίων,,
560 2238 818 2316 οὐδεμίαν
855 2240 967 2319 γάρ
1007 2247 1120 2317 σφι
1161 2240 1240 2300 ἔτι
1281 2236 1514 2315 κομιδὴν
1553 2242 1608 2301 ἐς
1649 2236 1879 2315 Κρήτην

276 2328 597 2403 φαίνεσθαι,
640 2328 873 2388 ἐνθαῦτα
911 2326 1105 2403 Ὑρίην
1149 2326 1320 2386 πόλιν
1362 2328 1659 2389 κτίσαντας
1714 2350 1875 2385 κατα-

275 2416 464 2491 μεῖναί
483 2441 546 2476 τε
573 2415 665 2477 καὶ
688 2413 1118 2491 μεταβαλόντας
1143 2412 1267 2473 ἀντὶ
1291 2416 1394 2490 μὲν
1423 2417 1659 2490 Κρητῶν
1684 2414 1876 2493 γενέσ-

278 2503 371 2562 θαι
408 2501 672 2582 Ἰήπυγας
710 2501 1099 2571 Μεσσαπίους,
1141 2499 1264 2560 ἀντὶ
1305 2501 1364 2559 δὲ
1405 2502 1542 2561 εἶναι
1587 2500 1873 2575 νησιώτας,

274 2588 600 2665 ἠπειρώτας·
642 2588 753 2648 οἷπό
782 2589 841 2649 δὲ
864 2588 1054 2666 Ὑρίης
1076 2586 1280 2650 πόλιος
1303 2587 1402 2649 τοὶς
1437 2587 1620 2649 ἄλλας
1647 2587 1873 2646 οἰκίσαι·

274 2676 374 2738 τσῖς
414 2675 481 2749 δὴ
520 2680 847 2751 Ταραντῖνοι
885 2674 1067 2754 χρόνῳ
1119 2668 1358 2750 ὕστερον
1408 2678 1606 2750 πολλιζ
1661 2674 1874 2741 ἐξανισ-

274 2760 465 2823 τάντες
515 2762 942 2837 προσέπταισαν
991 2760 1269 2841 μεγάλως·
1333 2758 1477 2819 ὥστε
1526 2760 1699 2836 φόνος
1744 2758 1874 2818 Ἑλ·
1949 2768 1960 2777 ‘

274 2844 501 2920 ληνικὸς
518 2847 783 2925 μέγιστος
807 2844 971 2907 οὗτος
998 2847 1065 2905 8⁷³
1094 2848 1310 2926 ἐγένετο
1336 2846 1556 2907 πάντων
1581 2851 1691 2908 τῶν
1715 2846 1875 2923 ἡμεῖς

274 2932 447 3008 ἴδμεν,
490 2932 667 2992 αὐτῶν
713 2958 773 2991 τε
819 2932 1167 3008 Ταραντίνων
1217 2934 1307 2991 καὶ
1345 2934 1628 3013 Ῥηγίνων,
1671 2934 1724 2991 οἳ
1763 2933 1872 2993 ύπό

275 3016 532 3076 Μικύθου
562 3020 663 3075 τοῦ
698 3018 906 3093 Χοίρου
942 3017 1378 3098 ἀναγκαζόμενοι
1412 3024 1524 3079 τῶν
1561 3018 1746 3079 ἀστῶν
1778 3019 1872 3079 καὶ

273 3101 598 3178 ἀπικόμενοι
648 3104 877 3177 τιμωροὶ
925 3105 1351 3182 Ταραντίνοισι,’
1385 3104 1664 3165 ἀπέθανον
1714 3131 1872 3181 τρισ-

274 3187 451 3261 χίλιοι
471 3186 627 3246 οὕτω·
658 3191 837 3248 αὐτῶν
860 3189 920 3247 δὲ
944 3192 1290 3266 Ταραντίνων
1309 3188 1408 3249 οὐκ
1429 3191 1597 3267 ἐπέην
1615 3188 1869 3267 α’ριθμός·
1919 3250 1928 3255 .
