<?xml version="1.0" encoding="UTF-8"?>
<!DOCTYPE html PUBLIC "-//W3C//DTD XHTML 1.0 Transitional//EN"
    "http://www.w3.org/TR/xhtml1/DTD/xhtml1-transitional.dtd">
<html xmlns="http://www.w3.org/1999/xhtml" xml:lang="en" lang="en">
 <head>
  <title>
</title>
<meta http-equiv="Content-Type" content="text/html;charset=utf-8" />
  <meta name='ocr-system' content='tesseract 3.04.00' />
  <meta name='ocr-capabilities' content='ocr_page ocr_carea ocr_par ocr_line ocrx_word'/>
</head>
<body>
  <div class='ocr_page' id='page_1' title='image "./herodotus14herogoog_0134.png"; bbox 0 0 2192 3409; ppageno 0'>
   <div class='ocr_carea' id='block_1_1' title="bbox 218 72 1909 3290">
    <p class='ocr_par' dir='ltr' id='par_1_1' title="bbox 301 72 1909 3119">
     <span class='ocr_line' id='line_1_1' title="bbox 307 72 1897 138; baseline -0.002 -12"><span class='ocrx_word' id='word_1_1' title='bbox 307 78 400 126; x_wconf 80' lang='lat'>126</span> <span class='ocrx_word' id='word_1_2' title='bbox 891 78 1256 127; x_wconf 63' lang='grc' dir='ltr'><strong>ἯΡΟΔΟΤΟΤ</strong></span> <span class='ocrx_word' id='word_1_3' title='bbox 1744 72 1897 138; x_wconf 82' lang='lat' dir='ltr'><strong>[vn.</strong></span> 
     </span>
     <span class='ocr_line' id='line_1_2' title="bbox 305 150 1905 233; baseline -0.003 -18"><span class='ocrx_word' id='word_1_4' title='bbox 305 154 550 232; x_wconf 74' lang='grc' dir='ltr'>ἄλλονῆ</span> <span class='ocrx_word' id='word_1_5' title='bbox 591 155 806 216; x_wconf 76' lang='grc' dir='ltr'>ἑωυτόν.</span> <span class='ocrx_word' id='word_1_6' title='bbox 889 157 1213 233; x_wconf 74' lang='grc' dir='ltr'>ἐπειχθῆναι</span> <span class='ocrx_word' id='word_1_7' title='bbox 1247 154 1353 229; x_wconf 87' lang='grc' dir='ltr'>μέν</span> <span class='ocrx_word' id='word_1_8' title='bbox 1392 178 1489 215; x_wconf 87' lang='grc' dir='ltr'>νυν</span> <span class='ocrx_word' id='word_1_9' title='bbox 1527 155 1643 214; x_wconf 74' lang='grc' dir='ltr'>πᾶν</span> <span class='ocrx_word' id='word_1_10' title='bbox 1668 150 1905 233; x_wconf 67' lang='grc' dir='ltr'>πρῆγμα</span> 
     </span>
     <span class='ocr_line' id='line_1_3' title="bbox 303 239 1903 322; baseline -0.002 -19"><span class='ocrx_word' id='word_1_11' title='bbox 303 244 473 303; x_wconf 77' lang='grc' dir='ltr'>τίκτει</span> <span class='ocrx_word' id='word_1_12' title='bbox 506 242 842 319; x_wconf 76' lang='grc' dir='ltr'>σφάλματα,</span> <span class='ocrx_word' id='word_1_13' title='bbox 871 248 931 301; x_wconf 82' lang='grc' dir='ltr'>ἐκ</span> <span class='ocrx_word' id='word_1_14' title='bbox 966 248 1076 301; x_wconf 73' lang='grc' dir='ltr'>τῶν</span> <span class='ocrx_word' id='word_1_15' title='bbox 1115 242 1308 318; x_wconf 79' lang='grc' dir='ltr'>ζημίαι</span> <span class='ocrx_word' id='word_1_16' title='bbox 1342 239 1591 322; x_wconf 75' lang='grc' dir='ltr'>μεγάλαι</span> <span class='ocrx_word' id='word_1_17' title='bbox 1632 241 1903 317; x_wconf 78' lang='grc' dir='ltr'>φιλέουσι</span> 
     </span>
     <span class='ocr_line' id='line_1_4' title="bbox 302 327 1903 411; baseline -0.004 -20"><span class='ocrx_word' id='word_1_18' title='bbox 302 332 577 411; x_wconf 81' lang='grc' dir='ltr'>γίνεσθαι·</span> <span class='ocrx_word' id='word_1_19' title='bbox 633 335 691 390; x_wconf 83' lang='grc' dir='ltr'>ἐν</span> <span class='ocrx_word' id='word_1_20' title='bbox 731 330 791 389; x_wconf 83' lang='grc' dir='ltr'>δὲ</span> <span class='ocrx_word' id='word_1_21' title='bbox 832 334 910 409; x_wconf 76' lang='grc' dir='ltr'>τῷ</span> <span class='ocrx_word' id='word_1_22' title='bbox 952 331 1209 408; x_wconf 78' lang='grc' dir='ltr'>ἐπισχεῖν</span> <span class='ocrx_word' id='word_1_23' title='bbox 1250 330 1432 389; x_wconf 80' lang='grc' dir='ltr'>ἔνεστι</span> <span class='ocrx_word' id='word_1_24' title='bbox 1478 328 1681 409; x_wconf 68' lang='grc' dir='ltr'>ἀγαθοὶ,</span> <span class='ocrx_word' id='word_1_25' title='bbox 1731 331 1779 387; x_wconf 80' lang='grc' dir='ltr'>εἰ</span> <span class='ocrx_word' id='word_1_26' title='bbox 1822 327 1903 405; x_wconf 76' lang='grc' dir='ltr'>μὴ</span> 
     </span>
     <span class='ocr_line' id='line_1_5' title="bbox 301 414 1905 496; baseline -0.002 -19"><span class='ocrx_word' id='word_1_27' title='bbox 301 418 614 496; x_wconf 82' lang='grc' dir='ltr'>παραυτίκα</span> <span class='ocrx_word' id='word_1_28' title='bbox 653 417 916 479; x_wconf 85' lang='grc' dir='ltr'>δοκέοντα</span> <span class='ocrx_word' id='word_1_29' title='bbox 959 416 1114 487; x_wconf 80' lang='grc' dir='ltr'>εἶναι,</span> <span class='ocrx_word' id='word_1_30' title='bbox 1156 415 1287 475; x_wconf 73' lang='grc' dir='ltr'>ἀλλ’</span> <span class='ocrx_word' id='word_1_31' title='bbox 1312 414 1419 476; x_wconf 66' lang='lat' dir='ltr'>:ivd</span> <span class='ocrx_word' id='word_1_32' title='bbox 1454 415 1659 495; x_wconf 85' lang='grc' dir='ltr'>χρόνον</span> <span class='ocrx_word' id='word_1_33' title='bbox 1696 415 1905 493; x_wconf 78' lang='grc' dir='ltr'>ἐξεύροι</span> 
     </span>
     <span class='ocr_line' id='line_1_6' title="bbox 302 503 1903 580; baseline -0.002 -15"><span class='ocrx_word' id='word_1_34' title='bbox 302 532 386 569; x_wconf 88' lang='grc' dir='ltr'>τις</span> <span class='ocrx_word' id='word_1_35' title='bbox 412 505 498 565; x_wconf 78' lang='grc' dir='ltr'>ἅν.</span> <span class='ocrx_word' id='word_1_36' title='bbox 574 504 672 563; x_wconf 85' lang='grc' dir='ltr'>σοὶ</span> <span class='ocrx_word' id='word_1_37' title='bbox 695 508 799 580; x_wconf 83' lang='grc' dir='ltr'>μὲν</span> <span class='ocrx_word' id='word_1_38' title='bbox 825 505 894 580; x_wconf 76' lang='grc' dir='ltr'>δή</span> <span class='ocrx_word' id='word_1_39' title='bbox 919 508 1115 575; x_wconf 80' lang='grc' dir='ltr'>ταῦτα,</span> <span class='ocrx_word' id='word_1_40' title='bbox 1145 503 1188 563; x_wconf 82' lang='grc' dir='ltr'>ὧ</span> <span class='ocrx_word' id='word_1_41' title='bbox 1210 506 1480 580; x_wconf 79' lang='grc' dir='ltr'>βασιλεῦ,</span> <span class='ocrx_word' id='word_1_42' title='bbox 1508 503 1903 580; x_wconf 81' lang='grc' dir='ltr'>συμβουλεύω·</span> 
     </span>
     <span class='ocr_line' id='line_1_7' title="bbox 303 590 1905 671; baseline 0 -20"><span class='ocrx_word' id='word_1_43' title='bbox 303 592 381 651; x_wconf 73' lang='grc' dir='ltr'>σύ</span> <span class='ocrx_word' id='word_1_44' title='bbox 427 591 503 661; x_wconf 84' lang='grc' dir='ltr'>δὲ,</span> <span class='ocrx_word' id='word_1_45' title='bbox 553 591 596 649; x_wconf 78' lang='grc' dir='ltr'><strong><em>ὦ</em></strong></span> <span class='ocrx_word' id='word_1_46' title='bbox 634 596 742 651; x_wconf 84' lang='grc' dir='ltr'>παῖ</span> <span class='ocrx_word' id='word_1_47' title='bbox 785 592 1060 670; x_wconf 81' lang='grc' dir='ltr'>Γωβρύεω</span> <span class='ocrx_word' id='word_1_48' title='bbox 1108 590 1409 669; x_wconf 84' lang='grc' dir='ltr'>Μαρδόνιε,</span> <span class='ocrx_word' id='word_1_49' title='bbox 1456 594 1675 650; x_wconf 80' lang='grc' dir='ltr'>παῦσαι</span> <span class='ocrx_word' id='word_1_50' title='bbox 1725 591 1905 671; x_wconf 88' lang='grc' dir='ltr'>λέγων</span> 
     </span>
     <span class='ocr_line' id='line_1_8' title="bbox 303 677 1907 760; baseline 0.001 -23"><span class='ocrx_word' id='word_1_51' title='bbox 303 679 508 760; x_wconf 81' lang='grc' dir='ltr'>λόγους</span> <span class='ocrx_word' id='word_1_52' title='bbox 541 678 808 755; x_wconf 81' lang='grc' dir='ltr'>ματαίους</span> <span class='ocrx_word' id='word_1_53' title='bbox 846 680 975 756; x_wconf 83' lang='grc' dir='ltr'>περὶ</span> <span class='ocrx_word' id='word_1_54' title='bbox 1008 678 1315 755; x_wconf 83' lang='grc' dir='ltr'>Ἑλλήνων,</span> <span class='ocrx_word' id='word_1_55' title='bbox 1348 677 1449 757; x_wconf 69' lang='grc' dir='ltr'>οὐκ</span> <span class='ocrx_word' id='word_1_56' title='bbox 1493 677 1689 739; x_wconf 80' lang='grc' dir='ltr'>ἐόντων</span> <span class='ocrx_word' id='word_1_57' title='bbox 1740 677 1907 747; x_wconf 74' lang='grc' dir='ltr'>ἀξίων</span> 
     </span>
     <span class='ocr_line' id='line_1_9' title="bbox 303 764 1906 847; baseline 0 -22"><span class='ocrx_word' id='word_1_58' title='bbox 303 765 568 843; x_wconf 79' lang='grc' dir='ltr'>φλαύρως</span> <span class='ocrx_word' id='word_1_59' title='bbox 614 764 850 827; x_wconf 72' lang='grc' dir='ltr'>ἀκούειν·</span> <span class='ocrx_word' id='word_1_60' title='bbox 886 765 1177 842; x_wconf 82' lang='grc' dir='ltr'>Ἕλληνας</span> <span class='ocrx_word' id='word_1_61' title='bbox 1217 765 1329 847; x_wconf 70' lang='grc' dir='ltr'>γοῖρ</span> <span class='ocrx_word' id='word_1_62' title='bbox 1370 766 1716 843; x_wconf 75' lang='grc' dir='ltr'>διαβάλλων,</span> <span class='ocrx_word' id='word_1_63' title='bbox 1755 766 1906 825; x_wconf 84' lang='grc' dir='ltr'>ἐπαί-</span> 
     </span>
     <span class='ocr_line' id='line_1_10' title="bbox 303 852 1907 931; baseline 0 -18"><span class='ocrx_word' id='word_1_64' title='bbox 303 879 419 931; x_wconf 89' lang='grc' dir='ltr'>ρεις</span> <span class='ocrx_word' id='word_1_65' title='bbox 455 852 622 913; x_wconf 76' lang='grc' dir='ltr'>αὕτόν</span> <span class='ocrx_word' id='word_1_66' title='bbox 661 855 916 931; x_wconf 84' lang='grc' dir='ltr'>βασιλέα</span> <span class='ocrx_word' id='word_1_67' title='bbox 957 853 1383 931; x_wconf 80' lang='grc' dir='ltr'>στρατεύεσθαι·</span> <span class='ocrx_word' id='word_1_68' title='bbox 1426 852 1596 913; x_wconf 70' lang='grc' dir='ltr'>αὐτοῦ</span> <span class='ocrx_word' id='word_1_69' title='bbox 1624 854 1683 913; x_wconf 76' lang='grc' dir='ltr'>δὲ</span> <span class='ocrx_word' id='word_1_70' title='bbox 1707 853 1907 913; x_wconf 77' lang='grc' dir='ltr'>τούτου</span> 
     </span>
     <span class='ocr_line' id='line_1_11' title="bbox 310 942 1907 1019; baseline 0 -19"><span class='ocrx_word' id='word_1_71' title='bbox 310 942 489 1001; x_wconf 85' lang='grc' dir='ltr'>εἵνεκα</span> <span class='ocrx_word' id='word_1_72' title='bbox 525 942 730 1005; x_wconf 81' lang='grc' dir='ltr'>δοκέεις</span> <span class='ocrx_word' id='word_1_73' title='bbox 757 968 858 1019; x_wconf 91' lang='grc' dir='ltr'>μοι</span> <span class='ocrx_word' id='word_1_74' title='bbox 893 946 1088 1002; x_wconf 78' lang='grc' dir='ltr'>πᾶσαν</span> <span class='ocrx_word' id='word_1_75' title='bbox 1128 942 1443 1019; x_wconf 81' lang='grc' dir='ltr'>προθυμίην</span> <span class='ocrx_word' id='word_1_76' title='bbox 1470 942 1743 1002; x_wconf 80' lang='grc' dir='ltr'>ἐκτείνειν.</span> <span class='ocrx_word' id='word_1_77' title='bbox 1824 942 1907 1019; x_wconf 86' lang='grc' dir='ltr'>μή</span> 
     </span>
     <span class='ocr_line' id='line_1_12' title="bbox 307 1028 1907 1111; baseline -0.001 -21"><span class='ocrx_word' id='word_1_78' title='bbox 307 1055 404 1090; x_wconf 84' lang='grc' dir='ltr'>νυν</span> <span class='ocrx_word' id='word_1_79' title='bbox 445 1029 586 1089; x_wconf 79' lang='grc' dir='ltr'>οὕτω</span> <span class='ocrx_word' id='word_1_80' title='bbox 625 1030 870 1111; x_wconf 87' lang='grc' dir='ltr'>γένηται·</span> <span class='ocrx_word' id='word_1_81' title='bbox 913 1028 1161 1106; x_wconf 74' lang='grc' dir='ltr'>διαβολή</span> <span class='ocrx_word' id='word_1_82' title='bbox 1188 1028 1299 1110; x_wconf 85' lang='grc' dir='ltr'>γάρ</span> <span class='ocrx_word' id='word_1_83' title='bbox 1328 1034 1452 1089; x_wconf 89' lang='grc' dir='ltr'>ἐστι</span> <span class='ocrx_word' id='word_1_84' title='bbox 1476 1028 1805 1093; x_wconf 83' lang='grc' dir='ltr'>δεινότατον·</span> <span class='ocrx_word' id='word_1_85' title='bbox 1850 1035 1907 1089; x_wconf 88' lang='grc' dir='ltr'>ἐν</span> 
     </span>
     <span class='ocr_line' id='line_1_13' title="bbox 307 1115 1905 1195; baseline 0 -18"><span class='ocrx_word' id='word_1_86' title='bbox 307 1121 380 1195; x_wconf 80' lang='grc' dir='ltr'>τῇ</span> <span class='ocrx_word' id='word_1_87' title='bbox 406 1118 504 1177; x_wconf 82' lang='grc' dir='ltr'>δύο</span> <span class='ocrx_word' id='word_1_88' title='bbox 535 1117 640 1195; x_wconf 88' lang='grc' dir='ltr'>μέν</span> <span class='ocrx_word' id='word_1_89' title='bbox 682 1121 792 1178; x_wconf 82' lang='grc' dir='ltr'>εἰσι</span> <span class='ocrx_word' id='word_1_90' title='bbox 833 1120 888 1177; x_wconf 77' lang='grc' dir='ltr'>οἱ</span> <span class='ocrx_word' id='word_1_91' title='bbox 927 1117 1249 1187; x_wconf 76' lang='grc' dir='ltr'>ἀδικέοντες,</span> <span class='ocrx_word' id='word_1_92' title='bbox 1278 1116 1355 1179; x_wconf 79' lang='grc' dir='ltr'>εἷς</span> <span class='ocrx_word' id='word_1_93' title='bbox 1393 1117 1453 1175; x_wconf 79' lang='grc' dir='ltr'>δὲ</span> <span class='ocrx_word' id='word_1_94' title='bbox 1480 1115 1512 1175; x_wconf 80' lang='grc' dir='ltr'>ὁ</span> <span class='ocrx_word' id='word_1_95' title='bbox 1539 1116 1905 1195; x_wconf 72' lang='grc' dir='ltr'>ἀδικεόμενος·</span> 
     </span>
     <span class='ocr_line' id='line_1_14' title="bbox 305 1202 1907 1286; baseline -0.001 -21"><span class='ocrx_word' id='word_1_96' title='bbox 305 1203 340 1265; x_wconf 81' lang='grc' dir='ltr'>ὁ</span> <span class='ocrx_word' id='word_1_97' title='bbox 380 1208 484 1284; x_wconf 80' lang='grc' dir='ltr'>μὲν</span> <span class='ocrx_word' id='word_1_98' title='bbox 525 1205 634 1286; x_wconf 72' lang='grc' dir='ltr'>γὰρ</span> <span class='ocrx_word' id='word_1_99' title='bbox 681 1204 1010 1283; x_wconf 80' lang='grc' dir='ltr'>διαβάλλων</span> <span class='ocrx_word' id='word_1_100' title='bbox 1053 1204 1255 1265; x_wconf 76' lang='grc' dir='ltr'>ἀδικέει</span> <span class='ocrx_word' id='word_1_101' title='bbox 1298 1202 1362 1265; x_wconf 77' lang='grc' dir='ltr'>οὗ</span> <span class='ocrx_word' id='word_1_102' title='bbox 1403 1204 1706 1283; x_wconf 82' lang='grc' dir='ltr'>παρεόντος</span> <span class='ocrx_word' id='word_1_103' title='bbox 1744 1230 1907 1282; x_wconf 88' lang='grc' dir='ltr'>κατη-</span> 
     </span>
     <span class='ocr_line' id='line_1_15' title="bbox 305 1290 1909 1373; baseline -0.001 -20"><span class='ocrx_word' id='word_1_104' title='bbox 305 1295 530 1373; x_wconf 86' lang='grc' dir='ltr'>γορέων·</span> <span class='ocrx_word' id='word_1_105' title='bbox 571 1293 604 1353; x_wconf 78' lang='grc' dir='ltr'>ὅ</span> <span class='ocrx_word' id='word_1_106' title='bbox 632 1294 692 1353; x_wconf 80' lang='grc' dir='ltr'>δὲ</span> <span class='ocrx_word' id='word_1_107' title='bbox 715 1292 934 1363; x_wconf 80' lang='grc' dir='ltr'>άδικέει,</span> <span class='ocrx_word' id='word_1_108' title='bbox 963 1291 1396 1369; x_wconf 80' lang='grc' dir='ltr'>ἀναπειθόμενος</span> <span class='ocrx_word' id='word_1_109' title='bbox 1422 1294 1555 1369; x_wconf 83' lang='grc' dir='ltr'>πρὶν</span> <span class='ocrx_word' id='word_1_110' title='bbox 1578 1290 1617 1367; x_wconf 83' lang='grc' dir='ltr'>ἢ</span> <span class='ocrx_word' id='word_1_111' title='bbox 1641 1291 1909 1369; x_wconf 82' lang='grc' dir='ltr'>άτρεκέως</span> 
     </span>
     <span class='ocr_line' id='line_1_16' title="bbox 309 1378 1909 1461; baseline 0.001 -23"><span class='ocrx_word' id='word_1_112' title='bbox 309 1381 541 1460; x_wconf 81' lang='grc' dir='ltr'>ἐκμάθῃ·</span> <span class='ocrx_word' id='word_1_113' title='bbox 584 1380 616 1441; x_wconf 79' lang='grc' dir='ltr'>ὁ</span> <span class='ocrx_word' id='word_1_114' title='bbox 653 1381 713 1441; x_wconf 82' lang='grc' dir='ltr'>δὲ</span> <span class='ocrx_word' id='word_1_115' title='bbox 755 1381 824 1457; x_wconf 75' lang='grc' dir='ltr'>δὴ</span> <span class='ocrx_word' id='word_1_116' title='bbox 867 1380 1052 1441; x_wconf 69' lang='grc' dir='ltr'>ἀπεών</span> <span class='ocrx_word' id='word_1_117' title='bbox 1091 1383 1193 1441; x_wconf 80' lang='grc' dir='ltr'>τοῦ</span> <span class='ocrx_word' id='word_1_118' title='bbox 1232 1379 1411 1461; x_wconf 84' lang='grc' dir='ltr'>λόγου</span> <span class='ocrx_word' id='word_1_119' title='bbox 1443 1380 1575 1439; x_wconf 86' lang='grc' dir='ltr'>τάδε</span> <span class='ocrx_word' id='word_1_120' title='bbox 1602 1384 1661 1440; x_wconf 89' lang='grc' dir='ltr'>ἐν</span> <span class='ocrx_word' id='word_1_121' title='bbox 1687 1378 1909 1440; x_wconf 73' lang='grc' dir='ltr'>αὐτοῖσι</span> 
     </span>
     <span class='ocr_line' id='line_1_17' title="bbox 307 1466 1907 1544; baseline 0.001 -18"><span class='ocrx_word' id='word_1_122' title='bbox 307 1466 597 1538; x_wconf 80' lang='grc' dir='ltr'>ἀδικέεται,</span> <span class='ocrx_word' id='word_1_123' title='bbox 635 1467 963 1544; x_wconf 86' lang='grc' dir='ltr'>διαβληθείς</span> <span class='ocrx_word' id='word_1_124' title='bbox 1004 1493 1066 1527; x_wconf 92' lang='grc' dir='ltr'>τε</span> <span class='ocrx_word' id='word_1_125' title='bbox 1103 1466 1213 1527; x_wconf 78' lang='grc' dir='ltr'>ὖπό</span> <span class='ocrx_word' id='word_1_126' title='bbox 1254 1472 1356 1527; x_wconf 77' lang='grc' dir='ltr'>τοῦ</span> <span class='ocrx_word' id='word_1_127' title='bbox 1402 1468 1589 1544; x_wconf 75' lang='grc' dir='ltr'>ἐτέρου</span> <span class='ocrx_word' id='word_1_128' title='bbox 1626 1467 1719 1526; x_wconf 87' lang='grc' dir='ltr'>καὶ</span> <span class='ocrx_word' id='word_1_129' title='bbox 1757 1494 1907 1543; x_wconf 81' lang='grc' dir='ltr'>νομι-</span> 
     </span>
     <span class='ocr_line' id='line_1_18' title="bbox 309 1553 1909 1632; baseline -0.001 -17"><span class='ocrx_word' id='word_1_130' title='bbox 309 1555 466 1618; x_wconf 83' lang='grc' dir='ltr'>σθεὶς</span> <span class='ocrx_word' id='word_1_131' title='bbox 503 1554 643 1632; x_wconf 82' lang='grc' dir='ltr'>πρός</span> <span class='ocrx_word' id='word_1_132' title='bbox 673 1558 774 1614; x_wconf 81' lang='grc' dir='ltr'>τοῦ</span> <span class='ocrx_word' id='word_1_133' title='bbox 815 1556 1002 1631; x_wconf 85' lang='grc' dir='ltr'>ἐτέρου</span> <span class='ocrx_word' id='word_1_134' title='bbox 1043 1554 1213 1619; x_wconf 65' lang='lat' dir='ltr'>nands·</span> <span class='ocrx_word' id='word_1_135' title='bbox 1254 1554 1412 1615; x_wconf 82' lang='grc' dir='ltr'>εἶναι.</span> <span class='ocrx_word' id='word_1_136' title='bbox 1494 1553 1624 1615; x_wconf 69' lang='grc' dir='ltr'>ἀλλ’</span> <span class='ocrx_word' id='word_1_137' title='bbox 1654 1560 1702 1617; x_wconf 81' lang='grc' dir='ltr'>εἰ</span> <span class='ocrx_word' id='word_1_138' title='bbox 1732 1555 1799 1630; x_wconf 76' lang='grc' dir='ltr'>δὴ</span> <span class='ocrx_word' id='word_1_139' title='bbox 1826 1554 1909 1613; x_wconf 82' lang='grc' dir='ltr'>δεῖ</span> 
     </span>
     <span class='ocr_line' id='line_1_19' title="bbox 307 1641 1905 1723; baseline 0.001 -22"><span class='ocrx_word' id='word_1_140' title='bbox 307 1668 374 1723; x_wconf 91' lang='grc' dir='ltr'>γε</span> <span class='ocrx_word' id='word_1_141' title='bbox 414 1641 632 1705; x_wconf 82' lang='grc' dir='ltr'>πάντως</span> <span class='ocrx_word' id='word_1_142' title='bbox 672 1642 764 1701; x_wconf 86' lang='grc' dir='ltr'>ἐπὶ</span> <span class='ocrx_word' id='word_1_143' title='bbox 803 1642 933 1705; x_wconf 79' lang='grc' dir='ltr'>τούς</span> <span class='ocrx_word' id='word_1_144' title='bbox 973 1642 1176 1720; x_wconf 77' lang='grc' dir='ltr'>ἄνδρας</span> <span class='ocrx_word' id='word_1_145' title='bbox 1215 1642 1442 1708; x_wconf 77' lang='grc' dir='ltr'>τούτους</span> <span class='ocrx_word' id='word_1_146' title='bbox 1484 1644 1905 1721; x_wconf 81' lang='grc' dir='ltr'>στρατεύεσθαι,</span> 
     </span>
     <span class='ocr_line' id='line_1_20' title="bbox 311 1728 1909 1809; baseline 0.001 -20"><span class='ocrx_word' id='word_1_147' title='bbox 311 1730 467 1807; x_wconf 86' lang='grc' dir='ltr'>φέρε,</span> <span class='ocrx_word' id='word_1_148' title='bbox 502 1729 782 1805; x_wconf 74' lang='grc' dir='ltr'>βασιλεῦς</span> <span class='ocrx_word' id='word_1_149' title='bbox 817 1732 921 1807; x_wconf 75' lang='grc' dir='ltr'>μὲν</span> <span class='ocrx_word' id='word_1_150' title='bbox 955 1729 1122 1793; x_wconf 74' lang='grc' dir='ltr'>αὐτὸς</span> <span class='ocrx_word' id='word_1_151' title='bbox 1154 1735 1212 1790; x_wconf 91' lang='grc' dir='ltr'>ἐν</span> <span class='ocrx_word' id='word_1_152' title='bbox 1250 1728 1418 1807; x_wconf 86' lang='grc' dir='ltr'>ἤθεσι</span> <span class='ocrx_word' id='word_1_153' title='bbox 1456 1734 1608 1792; x_wconf 83' lang='grc' dir='ltr'>τοῖσι</span> <span class='ocrx_word' id='word_1_154' title='bbox 1643 1732 1909 1809; x_wconf 88' lang='grc' dir='ltr'>Περσέων</span> 
     </span>
     <span class='ocr_line' id='line_1_21' title="bbox 305 1816 1907 1897; baseline 0.002 -21"><span class='ocrx_word' id='word_1_155' title='bbox 305 1818 531 1894; x_wconf 85' lang='grc' dir='ltr'>μενέτω·</span> <span class='ocrx_word' id='word_1_156' title='bbox 579 1816 762 1893; x_wconf 80' lang='grc' dir='ltr'>ἡμέων</span> <span class='ocrx_word' id='word_1_157' title='bbox 802 1818 862 1879; x_wconf 81' lang='grc' dir='ltr'>δὲ</span> <span class='ocrx_word' id='word_1_158' title='bbox 897 1818 1229 1896; x_wconf 71' lang='grc' dir='ltr'>ἀμφοτέρων</span> <span class='ocrx_word' id='word_1_159' title='bbox 1266 1820 1799 1897; x_wconf 78' lang='grc' dir='ltr'>παραβαλλομένων</span> <span class='ocrx_word' id='word_1_160' title='bbox 1834 1820 1907 1881; x_wconf 78' lang='grc' dir='ltr'>τοὶ</span> 
     </span>
     <span class='ocr_line' id='line_1_22' title="bbox 305 1904 1908 1985; baseline 0.006 -22"><span class='ocrx_word' id='word_1_161' title='bbox 305 1906 486 1975; x_wconf 88' lang='grc' dir='ltr'>τέκνα,</span> <span class='ocrx_word' id='word_1_162' title='bbox 514 1905 896 1981; x_wconf 82' lang='grc' dir='ltr'>στρατηλάτεε</span> <span class='ocrx_word' id='word_1_163' title='bbox 915 1905 1082 1973; x_wconf 78' lang='grc' dir='ltr'>Ιαὖτός</span> <span class='ocrx_word' id='word_1_164' title='bbox 1100 1906 1175 1967; x_wconf 77' lang='grc' dir='ltr'><strong><em>σύ</em></strong></span> <span class='ocrx_word' id='word_1_165' title='bbox 1202 1904 1597 1984; x_wconf 80' lang='grc' dir='ltr'>ἐπιλεξάμενός</span> <span class='ocrx_word' id='word_1_166' title='bbox 1619 1934 1683 1967; x_wconf 89' lang='grc' dir='ltr'>τε</span> <span class='ocrx_word' id='word_1_167' title='bbox 1708 1907 1908 1985; x_wconf 77' lang='grc' dir='ltr'>ἄνδρας</span> 
     </span>
     <span class='ocr_line' id='line_1_23' title="bbox 305 1991 1908 2073; baseline 0.002 -22"><span class='ocrx_word' id='word_1_168' title='bbox 305 1991 436 2057; x_wconf 76' lang='grc' dir='ltr'>τοῦς</span> <span class='ocrx_word' id='word_1_169' title='bbox 463 1992 671 2055; x_wconf 86' lang='grc' dir='ltr'>ἐθέλεις</span> <span class='ocrx_word' id='word_1_170' title='bbox 697 1992 790 2051; x_wconf 89' lang='grc' dir='ltr'>καὶ</span> <span class='ocrx_word' id='word_1_171' title='bbox 816 1993 1016 2069; x_wconf 70' lang='grc' dir='ltr'>λαβών</span> <span class='ocrx_word' id='word_1_172' title='bbox 1055 1994 1329 2072; x_wconf 78' lang='grc' dir='ltr'>στρατιήν</span> <span class='ocrx_word' id='word_1_173' title='bbox 1369 1992 1582 2071; x_wconf 77' lang='grc' dir='ltr'>ὁκόσην</span> <span class='ocrx_word' id='word_1_174' title='bbox 1621 1996 1747 2057; x_wconf 74' lang='grc' dir='ltr'>τινὰ</span> <span class='ocrx_word' id='word_1_175' title='bbox 1770 1996 1908 2073; x_wconf 80' lang='grc' dir='ltr'>βού-</span> 
     </span>
     <span class='ocr_line' id='line_1_24' title="bbox 307 2078 1907 2163; baseline 0.003 -26"><span class='ocrx_word' id='word_1_176' title='bbox 307 2084 460 2145; x_wconf 83' lang='grc' dir='ltr'>λεαι·</span> <span class='ocrx_word' id='word_1_177' title='bbox 503 2080 596 2138; x_wconf 88' lang='grc' dir='ltr'>καὶ</span> <span class='ocrx_word' id='word_1_178' title='bbox 637 2078 707 2155; x_wconf 87' lang='grc' dir='ltr'>ἢν</span> <span class='ocrx_word' id='word_1_179' title='bbox 746 2083 849 2158; x_wconf 82' lang='grc' dir='ltr'>μὲν</span> <span class='ocrx_word' id='word_1_180' title='bbox 893 2085 965 2160; x_wconf 78' lang='grc' dir='ltr'>τῇ</span> <span class='ocrx_word' id='word_1_181' title='bbox 1001 2080 1075 2141; x_wconf 71' lang='grc' dir='ltr'>σι)</span> <span class='ocrx_word' id='word_1_182' title='bbox 1121 2083 1306 2163; x_wconf 84' lang='grc' dir='ltr'>λέγεις</span> <span class='ocrx_word' id='word_1_183' title='bbox 1344 2081 1623 2163; x_wconf 72' lang='grc' dir='ltr'>ἀναβαίνῃ</span> <span class='ocrx_word' id='word_1_184' title='bbox 1666 2082 1907 2159; x_wconf 71' lang='grc' dir='ltr'>βασιλέϊ</span> 
     </span>
     <span class='ocr_line' id='line_1_25' title="bbox 308 2166 1907 2249; baseline 0.002 -23"><span class='ocrx_word' id='word_1_185' title='bbox 308 2167 381 2227; x_wconf 72' lang='grc' dir='ltr'>τά</span> <span class='ocrx_word' id='word_1_186' title='bbox 424 2166 744 2248; x_wconf 83' lang='grc' dir='ltr'>πρήγματα,</span> <span class='ocrx_word' id='word_1_187' title='bbox 789 2169 1120 2231; x_wconf 86' lang='grc' dir='ltr'>κτεινέσθων</span> <span class='ocrx_word' id='word_1_188' title='bbox 1166 2173 1219 2230; x_wconf 81' lang='grc' dir='ltr'>οἶ</span> <span class='ocrx_word' id='word_1_189' title='bbox 1263 2170 1387 2247; x_wconf 80' lang='grc' dir='ltr'>ἐμοὶ</span> <span class='ocrx_word' id='word_1_190' title='bbox 1433 2172 1626 2235; x_wconf 83' lang='grc' dir='ltr'>παῖδες</span> <span class='ocrx_word' id='word_1_191' title='bbox 1666 2171 1808 2249; x_wconf 81' lang='grc' dir='ltr'>πρός</span> <span class='ocrx_word' id='word_1_192' title='bbox 1848 2172 1907 2231; x_wconf 82' lang='grc' dir='ltr'>δὲ</span> 
     </span>
     <span class='ocr_line' id='line_1_26' title="bbox 307 2254 1907 2339; baseline 0.002 -25"><span class='ocrx_word' id='word_1_193' title='bbox 307 2255 531 2317; x_wconf 85' lang='grc' dir='ltr'>αυτοῖσι</span> <span class='ocrx_word' id='word_1_194' title='bbox 577 2255 670 2315; x_wconf 86' lang='grc' dir='ltr'>καὶ</span> <span class='ocrx_word' id='word_1_195' title='bbox 717 2256 850 2338; x_wconf 75' lang='grc' dir='ltr'>ἐγώ·</span> <span class='ocrx_word' id='word_1_196' title='bbox 905 2254 974 2333; x_wconf 84' lang='grc' dir='ltr'>ἢν</span> <span class='ocrx_word' id='word_1_197' title='bbox 1017 2257 1078 2317; x_wconf 80' lang='grc' dir='ltr'>δὲ</span> <span class='ocrx_word' id='word_1_198' title='bbox 1118 2263 1191 2337; x_wconf 80' lang='grc' dir='ltr'>τῇ</span> <span class='ocrx_word' id='word_1_199' title='bbox 1233 2258 1340 2339; x_wconf 85' lang='grc' dir='ltr'>ἐγω</span> <span class='ocrx_word' id='word_1_200' title='bbox 1388 2259 1667 2339; x_wconf 81' lang='grc' dir='ltr'>προλέγω,</span> <span class='ocrx_word' id='word_1_201' title='bbox 1710 2262 1764 2319; x_wconf 80' lang='grc' dir='ltr'>οἱ</span> <span class='ocrx_word' id='word_1_202' title='bbox 1810 2260 1907 2319; x_wconf 87' lang='grc' dir='ltr'>σοὶ</span> 
     </span>
     <span class='ocr_line' id='line_1_27' title="bbox 305 2343 1904 2424; baseline 0.001 -19"><span class='ocrx_word' id='word_1_203' title='bbox 305 2350 480 2406; x_wconf 81' lang='grc' dir='ltr'>ταῦτα</span> <span class='ocrx_word' id='word_1_204' title='bbox 519 2343 853 2424; x_wconf 82' lang='grc' dir='ltr'>πασχόντων</span> <span class='ocrx_word' id='word_1_205' title='bbox 878 2343 988 2405; x_wconf 70' lang='grc' dir='ltr'>σῦν</span> <span class='ocrx_word' id='word_1_206' title='bbox 1013 2345 1077 2404; x_wconf 87' lang='grc' dir='ltr'>δέ</span> <span class='ocrx_word' id='word_1_207' title='bbox 1102 2353 1215 2422; x_wconf 90' lang='grc' dir='ltr'>σφι</span> <span class='ocrx_word' id='word_1_208' title='bbox 1244 2346 1336 2405; x_wconf 82' lang='grc' dir='ltr'>καὶ</span> <span class='ocrx_word' id='word_1_209' title='bbox 1361 2372 1454 2416; x_wconf 89' lang='grc' dir='ltr'>συ,</span> <span class='ocrx_word' id='word_1_210' title='bbox 1482 2344 1553 2421; x_wconf 85' lang='grc' dir='ltr'>ἢν</span> <span class='ocrx_word' id='word_1_211' title='bbox 1592 2346 1904 2423; x_wconf 82' lang='grc' dir='ltr'>απονοστή-</span> 
     </span>
     <span class='ocr_line' id='line_1_28' title="bbox 305 2431 1904 2511; baseline 0.001 -20"><span class='ocrx_word' id='word_1_212' title='bbox 305 2458 432 2511; x_wconf 84' lang='grc' dir='ltr'>σῃς·</span> <span class='ocrx_word' id='word_1_213' title='bbox 475 2437 524 2493; x_wconf 77' lang='grc' dir='ltr'>εἰ</span> <span class='ocrx_word' id='word_1_214' title='bbox 565 2432 626 2491; x_wconf 91' lang='grc' dir='ltr'>δε</span> <span class='ocrx_word' id='word_1_215' title='bbox 668 2436 845 2492; x_wconf 84' lang='grc' dir='ltr'>ταῦτα</span> <span class='ocrx_word' id='word_1_216' title='bbox 883 2434 988 2509; x_wconf 75' lang='grc' dir='ltr'>μὲν</span> <span class='ocrx_word' id='word_1_217' title='bbox 1023 2431 1311 2493; x_wconf 80' lang='grc' dir='ltr'>υποδύνειν</span> <span class='ocrx_word' id='word_1_218' title='bbox 1348 2459 1447 2493; x_wconf 89' lang='grc' dir='ltr'>ουκ</span> <span class='ocrx_word' id='word_1_219' title='bbox 1488 2434 1904 2510; x_wconf 77' lang='grc' dir='ltr'>ἐθελῆσεις,συ</span> 
     </span>
     <span class='ocr_line' id='line_1_29' title="bbox 309 2518 1906 2597; baseline 0.002 -18"><span class='ocrx_word' id='word_1_220' title='bbox 309 2521 368 2579; x_wconf 83' lang='grc' dir='ltr'>δὲ</span> <span class='ocrx_word' id='word_1_221' title='bbox 393 2520 608 2583; x_wconf 88' lang='grc' dir='ltr'>πάντως</span> <span class='ocrx_word' id='word_1_222' title='bbox 635 2518 956 2597; x_wconf 85' lang='grc' dir='ltr'>στράτευμα</span> <span class='ocrx_word' id='word_1_223' title='bbox 983 2518 1199 2592; x_wconf 72' lang='grc' dir='ltr'>ἀνάξεις</span> <span class='ocrx_word' id='word_1_224' title='bbox 1220 2522 1311 2581; x_wconf 82' lang='grc' dir='ltr'>ἐπὶ</span> <span class='ocrx_word' id='word_1_225' title='bbox 1330 2547 1433 2596; x_wconf 91' lang='grc' dir='ltr'>την</span> <span class='ocrx_word' id='word_1_226' title='bbox 1458 2520 1782 2591; x_wconf 82' lang='grc' dir='ltr'>Ἑλλάδα,’</span> <span class='ocrx_word' id='word_1_227' title='bbox 1746 2522 1906 2582; x_wconf 82' lang='grc' dir='ltr'>ακού-</span> 
     </span>
     <span class='ocr_line' id='line_1_30' title="bbox 307 2605 1903 2687; baseline 0.003 -23"><span class='ocrx_word' id='word_1_228' title='bbox 307 2608 530 2667; x_wconf 84' lang='grc' dir='ltr'>σεσθαί.</span> <span class='ocrx_word' id='word_1_229' title='bbox 554 2605 678 2666; x_wconf 87' lang='grc' dir='ltr'>τινά</span> <span class='ocrx_word' id='word_1_230' title='bbox 721 2613 871 2684; x_wconf 89' lang='grc' dir='ltr'>φημι</span> <span class='ocrx_word' id='word_1_231' title='bbox 910 2610 1020 2666; x_wconf 73' lang='grc' dir='ltr'>τῶν</span> <span class='ocrx_word' id='word_1_232' title='bbox 1053 2606 1229 2667; x_wconf 73' lang='grc' dir='ltr'>αὐτοῦ</span> <span class='ocrx_word' id='word_1_233' title='bbox 1268 2607 1400 2685; x_wconf 72' lang='grc' dir='ltr'>τῇδε</span> <span class='ocrx_word' id='word_1_234' title='bbox 1432 2606 1903 2687; x_wconf 68' lang='grc' dir='ltr'>ὑπολειπομένων.</span> 
     </span>
     <span class='ocr_line' id='line_1_31' title="bbox 309 2691 1903 2775; baseline 0.003 -24"><span class='ocrx_word' id='word_1_235' title='bbox 309 2691 628 2770; x_wconf 85' lang='grc' dir='ltr'>Μαρδόνιον</span> <span class='ocrx_word' id='word_1_236' title='bbox 651 2694 800 2775; x_wconf 83' lang='grc' dir='ltr'>μέγα</span> <span class='ocrx_word' id='word_1_237' title='bbox 824 2719 880 2753; x_wconf 91' lang='grc' dir='ltr'>τι</span> <span class='ocrx_word' id='word_1_238' title='bbox 907 2692 1078 2753; x_wconf 74' lang='grc' dir='ltr'>κακόν</span> <span class='ocrx_word' id='word_1_239' title='bbox 1105 2694 1511 2775; x_wconf 82' lang='grc' dir='ltr'>ἐξεργασμένον</span> <span class='ocrx_word' id='word_1_240' title='bbox 1538 2696 1769 2771; x_wconf 88' lang='grc' dir='ltr'>Πέρσας</span> <span class='ocrx_word' id='word_1_241' title='bbox 1792 2691 1903 2755; x_wconf 64' lang='lat' dir='ltr'>find</span> 
     </span>
     <span class='ocr_line' id='line_1_32' title="bbox 307 2778 1905 2863; baseline 0.003 -24"><span class='ocrx_word' id='word_1_242' title='bbox 307 2783 479 2839; x_wconf 76' lang='grc' dir='ltr'>κυνῶν</span> <span class='ocrx_word' id='word_1_243' title='bbox 515 2804 577 2839; x_wconf 92' lang='grc' dir='ltr'>τε</span> <span class='ocrx_word' id='word_1_244' title='bbox 621 2780 713 2838; x_wconf 85' lang='grc' dir='ltr'>καὶ</span> <span class='ocrx_word' id='word_1_245' title='bbox 755 2780 986 2859; x_wconf 84' lang='grc' dir='ltr'>ὀρνίθων</span> <span class='ocrx_word' id='word_1_246' title='bbox 1030 2779 1484 2858; x_wconf 78' lang='grc' dir='ltr'>διαφορεύμενον,</span> <span class='ocrx_word' id='word_1_247' title='bbox 1512 2778 1551 2857; x_wconf 81' lang='grc' dir='ltr'><strong><em>ἦ</em></strong></span> <span class='ocrx_word' id='word_1_248' title='bbox 1596 2808 1695 2842; x_wconf 88' lang='grc' dir='ltr'>κου</span> <span class='ocrx_word' id='word_1_249' title='bbox 1732 2788 1791 2843; x_wconf 90' lang='grc' dir='ltr'>ἐν</span> <span class='ocrx_word' id='word_1_250' title='bbox 1830 2788 1905 2863; x_wconf 75' lang='grc' dir='ltr'>γῇ</span> 
     </span>
     <span class='ocr_line' id='line_1_33' title="bbox 304 2865 1904 2947; baseline 0.001 -21"><span class='ocrx_word' id='word_1_251' title='bbox 304 2872 377 2945; x_wconf 83' lang='grc' dir='ltr'>τῇ</span> <span class='ocrx_word' id='word_1_252' title='bbox 407 2867 715 2943; x_wconf 84' lang='grc' dir='ltr'>Ἀθηναίων</span> <span class='ocrx_word' id='word_1_253' title='bbox 751 2865 789 2942; x_wconf 87' lang='grc' dir='ltr'><strong><em>ἤ</em></strong></span> <span class='ocrx_word' id='word_1_254' title='bbox 833 2868 906 2926; x_wconf 84' lang='grc' dir='ltr'>σε’</span> <span class='ocrx_word' id='word_1_255' title='bbox 945 2892 1012 2947; x_wconf 90' lang='grc' dir='ltr'>γε</span> <span class='ocrx_word' id='word_1_256' title='bbox 1049 2872 1109 2927; x_wconf 89' lang='grc' dir='ltr'>ἐν</span> <span class='ocrx_word' id='word_1_257' title='bbox 1146 2871 1219 2944; x_wconf 86' lang='grc' dir='ltr'>τῇ</span> <span class='ocrx_word' id='word_1_258' title='bbox 1246 2868 1710 2945; x_wconf 74' lang='grc' dir='ltr'>Λακεδαιμονίων,</span> <span class='ocrx_word' id='word_1_259' title='bbox 1738 2873 1787 2928; x_wconf 77' lang='grc' dir='ltr'>εἴ</span> <span class='ocrx_word' id='word_1_260' title='bbox 1822 2872 1904 2946; x_wconf 80' lang='grc' dir='ltr'><em>μή</em></span> 
     </span>
     <span class='ocr_line' id='line_1_34' title="bbox 306 2952 1907 3034; baseline 0.002 -23"><span class='ocrx_word' id='word_1_261' title='bbox 306 2954 414 3030; x_wconf 79' lang='grc' dir='ltr'>ἄρα</span> <span class='ocrx_word' id='word_1_262' title='bbox 441 2954 534 3013; x_wconf 84' lang='grc' dir='ltr'>καὶ</span> <span class='ocrx_word' id='word_1_263' title='bbox 559 2953 831 3030; x_wconf 85' lang='grc' dir='ltr'>πρότερον</span> <span class='ocrx_word' id='word_1_264' title='bbox 857 2952 976 3012; x_wconf 84' lang='grc' dir='ltr'>κατ’</span> <span class='ocrx_word' id='word_1_265' title='bbox 1005 2954 1155 3025; x_wconf 78' lang='grc' dir='ltr'>ὁδόν,</span> <span class='ocrx_word' id='word_1_266' title='bbox 1182 2954 1389 3034; x_wconf 83' lang='grc' dir='ltr'>γνόντα</span> <span class='ocrx_word' id='word_1_267' title='bbox 1416 2954 1499 3013; x_wconf 83' lang='grc' dir='ltr'>ἐπ’</span> <span class='ocrx_word' id='word_1_268' title='bbox 1529 2954 1681 3019; x_wconf 79' lang='grc' dir='ltr'>οἴους</span> <span class='ocrx_word' id='word_1_269' title='bbox 1706 2954 1907 3033; x_wconf 73' lang='grc' dir='ltr'>ἄνδρας</span> 
     </span>
     <span class='ocr_line' id='line_1_35' title="bbox 305 3038 1491 3119; baseline 0.002 -22"><span class='ocrx_word' id='word_1_270' title='bbox 305 3039 696 3119; x_wconf 78' lang='grc' dir='ltr'>ἀναγινώσκεις</span> <span class='ocrx_word' id='word_1_271' title='bbox 735 3038 1144 3116; x_wconf 76' lang='grc' dir='ltr'>στρατεύεσθαι</span> <span class='ocrx_word' id='word_1_272' title='bbox 1183 3040 1491 3116; x_wconf 80' lang='grc' dir='ltr'>βασιλέα.”</span> 
     </span>
    </p>

    <p class='ocr_par' dir='ltr' id='par_1_2' title="bbox 218 3123 1908 3290">
     <span class='ocr_line' id='line_1_36' title="bbox 218 3123 1906 3204; baseline 0.002 -23"><span class='ocrx_word' id='word_1_273' title='bbox 218 3125 304 3201; x_wconf 58' lang='grc' dir='ltr'>11Ο</span> <span class='ocrx_word' id='word_1_274' title='bbox 386 3123 736 3200; x_wconf 76' lang='grc' dir='ltr'>Ἀρτάβανος</span> <span class='ocrx_word' id='word_1_275' title='bbox 759 3128 864 3200; x_wconf 80' lang='grc' dir='ltr'>μὲν</span> <span class='ocrx_word' id='word_1_276' title='bbox 894 3130 1070 3186; x_wconf 80' lang='grc' dir='ltr'>ταῦτα</span> <span class='ocrx_word' id='word_1_277' title='bbox 1098 3127 1270 3195; x_wconf 76' lang='grc' dir='ltr'>ἔλεξε·</span> <span class='ocrx_word' id='word_1_278' title='bbox 1313 3126 1525 3203; x_wconf 75' lang='grc' dir='ltr'>Ξέρξης</span> <span class='ocrx_word' id='word_1_279' title='bbox 1550 3127 1610 3187; x_wconf 71' lang='grc' dir='ltr'>δὲ</span> <span class='ocrx_word' id='word_1_280' title='bbox 1636 3128 1906 3204; x_wconf 76' lang='grc' dir='ltr'>θυμωθεὶς</span> 
     </span>
     <span class='ocr_line' id='line_1_37' title="bbox 310 3205 1908 3290; baseline 0.006 -25"><span class='ocrx_word' id='word_1_281' title='bbox 310 3205 604 3285; x_wconf 76' lang='grc' dir='ltr'>ἀμείβεται</span> <span class='ocrx_word' id='word_1_282' title='bbox 637 3210 846 3271; x_wconf 81' lang='grc' dir='ltr'>τοῖσδε·</span> <span class='ocrx_word' id='word_1_283' title='bbox 887 3220 923 3246; x_wconf 88' lang='grc'><strong>“</strong></span> <span class='ocrx_word' id='word_1_284' title='bbox 937 3210 1277 3290; x_wconf 80' lang='grc' dir='ltr'>Ἀρτάβανε,</span> <span class='ocrx_word' id='word_1_285' title='bbox 1303 3212 1513 3289; x_wconf 71' lang='grc' dir='ltr'>πατρὸς</span> <span class='ocrx_word' id='word_1_286' title='bbox 1540 3212 1618 3277; x_wconf 73' lang='grc' dir='ltr'>εἷς</span> <span class='ocrx_word' id='word_1_287' title='bbox 1640 3213 1744 3273; x_wconf 85' lang='grc' dir='ltr'>τοῦ</span> <span class='ocrx_word' id='word_1_288' title='bbox 1770 3213 1908 3287; x_wconf 82' lang='grc' dir='ltr'>ἐμοῦ</span> 
     </span>
    </p>
   </div>
  </div>
 </body>
</html>
