2192 3409
289 138 506 203 87-91]
959 136 1183 184 ΕΡΑΤΩ.
1816 136 1880 183 95

286 220 506 278 σασθαι
559 216 643 276 ἐπ’
690 215 1044 297 Αἰγινήτῃσι·
1103 217 1194 275 καὶ
1244 214 1316 292 ἦν
1367 214 1477 295 γὰρ
1532 213 1882 291 Νικόδρομος

287 305 535 365 Κνοίθου
589 305 923 379 καλεόμενος
977 309 1036 363 ἐν
1078 308 1152 383 τῇ
1198 304 1397 384 Αἰγίνῃ
1448 301 1586 378 ἀνὴρ
1640 301 1879 378 δόκιμος,

285 390 446 456 οὗτος
486 391 847 469 μεμφόμενος
892 393 996 467 μὲν
1038 396 1191 451 τοῖσι
1234 390 1567 471 Αἰγινήτῃσι
1608 389 1882 465 προτέρην

285 484 485 539 ἑωυτοῦ
523 480 784 549 ἐξέλασιν
820 484 880 537 ἐκ
915 483 1016 555 τῆς
1052 480 1247 555 νήσου,
1276 478 1469 557 μαθων
1500 478 1558 537 δὲ
1588 476 1717 537 τότε
1753 476 1883 540 τούς

281 565 610 642 Ἀθηναίους
655 566 1060 644 ἀναρτημένους
1117 568 1291 644 ἔρδειν
1336 565 1635 646 Αἰγινήτας
1687 568 1878 635 κακῶς,

283 656 598 714 συντίθεται
636 654 986 729 Ἀθηναίοισι
1028 655 1337 731 προδοσίην
1370 654 1612 734 Αἰγίνης,
1652 652 1880 730 φράσας

281 746 342 802 ἐν
365 746 438 821 τῇ
462 768 525 802 τε
548 741 728 821 ἡμέρῃ
756 740 1117 820 ἐπιχειρήσει,
1140 742 1232 800 καὶ
1259 743 1495 805 ἐκείνους
1522 748 1576 805 ἐς
1599 741 1703 817 τήν
1726 740 1880 817 ἥκειν

279 829 471 905 δεήσει
508 830 874 905 βοηθέοντας·
915 830 1057 905 μετσὶ
1083 833 1289 901 ταῦτα,
1319 829 1743 907 καταλαμβάνει
1776 832 1881 906 μὲν

279 916 421 977 κατὰ
457 916 529 977 ταῖ
565 916 913 992 συνεθήκατο
949 916 980 976 ὁ
1016 917 1367 995 Νικόδρομος
1392 916 1742 993 Ἀθηναίοισι
1777 918 1881 992 τήν

277 1003 528 1080 παλαιὴν
555 1006 896 1081 καλεομένην
920 1004 1109 1065 πόλιν·
1149 1003 1437 1081 Ἀθηναῖοι
1464 1005 1523 1064 δὲ
1551 1004 1615 1063 οὗ
1640 1006 1874 1083 παραγί-
1896 1008 1971 1065 89

277 1116 466 1151 νονται
494 1097 548 1155 ἐς
575 1091 717 1151 δέον·
760 1090 826 1150 οὗ
850 1090 960 1172 γὰρ
989 1092 1187 1170 ἔτυχον
1213 1096 1407 1152 ἐοῦσαι
1442 1092 1559 1155 νέες
1583 1098 1695 1167 σφι
1730 1091 1877 1161 ἀξιό-

275 1204 454 1257 μαχοι
478 1183 615 1258 τῇσι
641 1180 975 1259 Αἰγινητέων
1009 1180 1381 1256 συμβαλέειν·
1424 1184 1483 1239 ἐν
1509 1177 1551 1259 ᾧ
1578 1178 1651 1239 ὧν
1678 1186 1877 1255 Κοριν-

279 1266 412 1325 θίων
453 1267 668 1326 ἐδέοντο
710 1269 930 1345 χρῆσαί
969 1274 1082 1343 σφι
1124 1267 1266 1338 νέας,
1302 1272 1359 1328 ἐν
1393 1266 1567 1345 τούτῳ
1606 1266 1879 1343 διεφθάρη

275 1354 348 1412 τσῖ
383 1353 708 1435 πρήγματα.
791 1357 846 1413 οἱ
872 1355 932 1413 δὲ
959 1356 1265 1432 Κορίνθιοι,
1294 1353 1445 1430 ἦσαν
1469 1354 1579 1435 γάρ
1607 1360 1719 1430 σφι
1754 1359 1877 1413 τοῦ·

274 1466 375 1500 τον
414 1443 513 1502 τὸν
557 1442 760 1521 χρόνον
804 1444 970 1517 φίλοι
1013 1448 1067 1505 ἐς
1106 1442 1178 1502 τοὶ
1220 1442 1491 1520 μάλιστα,
1529 1442 1879 1519 Ἀθηναίοισι

277 1528 492 1588 διδοῦσι
535 1530 848 1606 δεομένοισι
897 1531 1075 1589 εἴκοσι
1122 1531 1264 1600 νέας,
1310 1531 1524 1591 διδοῦσι
1574 1532 1634 1591 δὲ
1679 1556 1876 1591 πεντα-

277 1615 560 1696 δράχμους
588 1615 944 1694 ἀποδόμενοι·
987 1618 1216 1695 δωτίνην
1255 1619 1365 1700 γὰρ
1394 1625 1452 1679 ἐν
1476 1624 1553 1698 τῷ
1580 1618 1729 1698 νόμῳ
1772 1616 1879 1678 ου’κ

276 1706 410 1781 ἐξῆν
434 1706 640 1765 δοῦναι·
679 1705 883 1769 ταύτας
906 1732 969 1765 τε
995 1705 1064 1781 δή
1091 1706 1371 1782 λαβόντες
1397 1709 1450 1766 οἱ
1473 1707 1759 1782 Ἀθηναῖοι
1786 1707 1879 1765 καὶ

275 1792 375 1855 τοὶς
415 1794 708 1869 σφετέρας,
743 1793 1145 1869 πληρώσαντες
1177 1794 1563 1871 ἐβδομήκοντα
1607 1795 1731 1857 νέας
1773 1794 1874 1857 τὰς

275 1879 514 1953 ἁπάσας,
547 1882 746 1941 ἔπλεον
767 1882 858 1941 ἐπὶ
883 1881 987 1957 τὴν
1014 1882 1267 1961 Αἴγιναν·
1311 1882 1402 1940 καὶ
1426 1881 1731 1960 ὖστέρισαν
1757 1880 1888 1958 ἦμέ-

273 1992 348 2044 ρῃ
372 1972 474 2046 μιῇ
491 1973 592 2045 τῆς
607 1970 990 2050 συγκειμένης.
1049 1968 1402 2047 Νικόδρομος
1426 1969 1502 2040 δὲ,
1532 1969 1603 2033 ὥς
1630 1972 1685 2028 οἱ
1708 1968 1875 2046 Ἀθη·
1892 1972 1967 2029 90

275 2057 420 2113 ναῖοι
447 2061 500 2119 ἐς
526 2057 625 2116 τὸν
653 2056 844 2133 καιρόν
871 2056 936 2115 οὗ
961 2057 1345 2137 παρεγίνοντο,
1375 2061 1431 2120 ἐς
1455 2061 1659 2117 πλοῖον
1695 2057 1876 2133 ἐσβοὶς

276 2142 619 2219 ἐκδιδρήσκει
647 2149 708 2203 ἐκ
731 2148 830 2218 τῆς
859 2145 1108 2225 Αἰγίνης·
1178 2144 1285 2205 σῦν
1310 2145 1373 2203 δέ
1398 2148 1452 2205 οἱ
1478 2146 1571 2204 καὶ
1602 2144 1773 2204 ἄλλοι
1815 2150 1875 2203 ἐκ

271 2234 382 2289 τῶν
408 2232 744 2311 Αἰγινητέων
779 2232 1039 2292 ἕσποντο·
1124 2237 1279 2293 τοῖσι
1316 2232 1604 2309 Ἀθηναῖοι
1645 2232 1877 2295 Σούνιον

273 2321 503 2392 οἰκῆσαι
535 2319 756 2377 ἔδοσαν·
799 2321 1048 2379 ἐνθεῦτεν
1083 2319 1144 2378 δὲ
1176 2318 1331 2379 οὗτοι
1371 2319 1714 2396 ὁρμεῶμενοι
1750 2319 1874 2393 ἔφε-

271 2404 374 2481 ρόν
405 2430 467 2463 τε
509 2406 601 2463 καὶ
639 2404 780 2486 ἦγον
818 2407 947 2471 τούς
972 2413 1032 2467 ἐν
1055 2411 1129 2485 τῇ
1156 2407 1309 2486 ιοὶσῳ
1342 2406 1660 2487 Αἰγινήτας·
1700 2409 1875 2464 ταῦτα

271 2494 376 2567 μὲν
402 2491 470 2567 δή
493 2491 734 2570 ’ὕστερον
767 2496 990 2575 ἐγίνετο.
1076 2494 1413 2575 Αἰγινητέων
1452 2493 1513 2552 δὲ
1554 2497 1607 2553 οἶ
1647 2494 1867 2571 παχέες,
1892 2494 1963 2553 91

273 2580 686 2644 ἐπαναστάντος
723 2587 824 2641 τοῦ
855 2582 1036 2658 δήμου
1076 2588 1187 2657 σφι
1226 2580 1345 2659 ἅμα
1372 2580 1720 2659 Νικοδρόμῳ,
1750 2586 1869 2639 ἐπε-

273 2667 581 2743 κράτησαν·
625 2671 716 2728 καὶ
759 2670 947 2729 ἔπειτά
991 2676 1175 2745 σφεας
1214 2668 1633 2748 χειρωσάμενοι,
1674 2670 1874 2750 ἐξῆγον

273 2752 624 2820 ἀπολέοντες.
693 2756 807 2817 α’πὸ
833 2757 1034 2817 τούτου
1059 2757 1121 2815 δὲ
1147 2758 1238 2817 καὶ
1264 2756 1399 2836 α”γος
1426 2763 1537 2832 σφι
1564 2757 1781 2837 ἐγένετο
1807 2755 1872 2815 τό

273 2841 619 2905 ἐκθύσασθαι
669 2844 768 2903 οὐκ
815 2844 929 2903 οἶοί
968 2868 1031 2903 τε
1078 2845 1325 2924 ἐγίνοντο
1374 2844 1871 2922 ἐπιμηχανώμενοι·

273 2927 404 2989 ἀλλ’
432 2932 692 3007 ἔφθησαν
723 2931 1052 2995 ἐκπεσόντες
1083 2931 1357 3008 πρότερον
1392 2936 1452 2989 ἐκ
1486 2936 1587 3007 τῆς
1623 2932 1799 3006 νήσου
1834 2928 1873 3005 ἦ

272 3022 385 3091 σφι
413 3018 574 3077 ἵλεων
598 3020 863 3099 γενέσθαι
887 3019 992 3093 τήν
1019 3019 1165 3079 θεόν·
1248 3020 1613 3080 ἑπτακοσίους
1650 3018 1759 3097 γοὶρ
1802 3017 1871 3093 δὴ

271 3107 370 3162 τοῦ
413 3104 590 3182 δήμου
628 3106 1027 3187 ζωγρήσαντες,
1058 3106 1257 3185 ἐξῆγον
1294 3132 1363 3169 ως
1402 3105 1753 3167 ἀπολέοντες·
1795 3104 1873 3168 εἷς

271 3190 335 3249 δέ
371 3216 455 3255 τις
491 3192 700 3252 τούτων
741 3193 998 3272 ἐκφυγών
1036 3218 1109 3251 τα
1151 3193 1335 3269 δεσμοὶ
1368 3192 1706 3273 καταφεύγει
1730 3192 1894 3270 πρὸς

273 3278 528 3356 πρόθυρα
569 3279 872 3357 Δήμητρος
913 3277 1299 3355 θεσμοφόρου·
1344 3279 1866 3358 ἐπιλαμβανόμενος
