2192 3409
281 96 556 161 142-145]
902 98 1276 149 ΠΟΛΤΜΝΙΑ.
1710 144 1716 149 ,
1785 99 1875 150 177

275 178 342 239 τὰ
376 177 562 255 ὀρθὰν,
590 176 721 237 ἀλλ’
758 176 858 237 οὐκ
896 183 952 242 ἐς
982 178 1325 256 Ἀθηναίους,
1351 178 1879 258 παρασκευάζεσθαι

278 264 353 325 ὧν
377 264 576 329 αὐτοῦς
595 264 667 329 ὥς
684 265 1148 345 ναυμαχήσοντας
1168 266 1561 343 συνεβούλευε,
1585 266 1655 330 ὥς
1678 266 1879 328 τούτου

278 353 462 415 ἐόντος
499 357 600 413 τοῦ
647 353 870 422 ξυλίνου
923 355 1153 432 τείχεος.
1235 354 1409 432 ταύτῃ
1462 355 1877 431 Θεμιστοκλέος

277 440 744 517 ἀποφαινομένου,
777 440 1065 517 Ἀθηναῖοι
1099 441 1277 501 ταῦτα’.
1309 448 1421 517 σφι
1456 442 1701 521 ἔγνωσαν
1734 444 1875 517 αἱρε-

277 527 486 604 τῶτερα
513 528 652 587 εἶναι
675 526 962 605 μᾶλλον*
923 554 964 603 η
988 555 1060 587 τα.
1083 533 1197 589 τῶν
1221 528 1655 608 χρησμολόγων·
1698 528 1753 587 οἳ
1780 528 1878 588 οὐκ

279 616 378 674 ἔων
412 616 724 695 ναυμαχίην
758 614 1076 693 αρτέεσθαι,
1102 642 1169 676 το
1208 617 1267 675 δὲ
1306 642 1537 692 συμπαν
1570 616 1725 687 εἶναι,
1754 616 1881 675 οὐδε

277 706 467 781 χεῖρας
519 702 907 781 ἀνταείρεσθαι
959 702 1116 763 αλλιῖ
1169 702 1497 766 ἐκλιπόντας
1543 702 1733 783 χώρην
1777 704 1880 780 τὴν

278 789 536 866 Α’ττικήν
550 790 734 867 αλλην
748 816 870 851 τινα
852 791 1127 861 οἰκίζειν.
1168 790 1367 867 Ετέρη
1386 818 1447 851 τε
1467 792 1843 867 Θεμιστοκλέϊ
1862 792 1975 851 144

279 876 470 957 γνώμη
514 880 802 956 ἔμπροσθε
842 904 1048 953 ταυτης
1089 884 1145 941 ἐς
1187 877 1379 955 καιρόν
1416 878 1735 956 η’ρίστευσε·
1790 878 1882 939 ὅτε

279 964 626 1041 Ἀθηναίοισι
677 966 986 1045 γενομένων
1037 964 1339 1043 χρημάτων
1382 964 1645 1043 μεγάλων
1697 970 1754 1024 ἐν
1805 971 1883 1043 τῷ

279 1056 457 1131 κοινῷ,
483 1051 556 1111 ταῖ
581 1057 641 1111 ἐκ
665 1055 776 1111 τῶν
810 1051 1110 1127 μετάλλων
1142 1058 1256 1127 σφι
1292 1052 1587 1128 προσῆλθε
1620 1055 1731 1110 τῶν
1766 1051 1881 1111 α’πὸ

279 1139 568 1215 Λαυρείου,
603 1140 843 1216 ἔμελλον
885 1139 1162 1209 λάξεσθαι
1194 1138 1503 1217 όρχηδον
1476 1164 1710 1201 εκαστος
1748 1139 1881 1200 δέκα

280 1226 550 1305 δραχμας·
601 1226 730 1289 τότε
769 1229 1185 1303 Θεμιστοκλέης
1224 1226 1500 1307 ανέγνωσε
1538 1227 1879 1302 Ἀθηναίους,

278 1318 379 1390 τῆς
427 1314 729 1393 διαιρέσιος
792 1340 996 1391 ταυτης
1051 1315 1443 1392 παυσαμένους
1496 1315 1621 1378 νέας
1670 1341 1883 1375 τουτων

278 1406 390 1477 ταῖν
411 1403 712 1483 χρημάτων
737 1401 1094 1477 ποιήσασθαι
1112 1402 1467 1479 διηκοσίας,’
1441 1429 1496 1465 ες
1512 1402 1611 1463 τὸν
1630 1402 1883 1479 πόλεμον

279 1490 378 1551 τὸν
421 1492 561 1567 πρὸς
602 1489 926 1572 Αἰγινήτας·
945 1491 1146 1571 λέγων·
1204 1488 1367 1554 οὗτος
1406 1490 1517 1571 γοὶρ
1559 1490 1593 1549 ό
1632 1489 1883 1566 πόλεμος

281 1579 498 1640 συστὰς
527 1580 709 1638 ἔσωσε
739 1577 868 1638 τότε
892 1578 996 1654 τὴν
1017 1578 1291 1653 Ἑλλάδα,
1319 1578 1640 1659 ἀναγκάσας
1668 1580 1883 1639 θαλασ-

281 1665 439 1727 σίους
461 1666 726 1745 γενέσθαι
755 1664 1101 1741 Ἀθηναίους·
1143 1670 1203 1725 αἱ
1229 1666 1289 1725 δὲ
1314 1670 1371 1729 ἐς
1393 1667 1459 1724 τό
1485 1668 1589 1741 μὲν
1614 1664 1895 1741 ἐποιήθη--

281 1777 394 1812 σαν
433 1751 534 1812 οὐκ
574 1753 955 1831 ἐχρήσθησαν·
1011 1758 1067 1817 ἐς
1111 1754 1237 1813 δέον
1270 1754 1331 1813 δὲ
1362 1752 1503 1813 οὕτω
1535 1757 1609 1831 τῇ
1644 1752 1883 1812 Ἑλλάδι

283 1839 556 1920 ἐγένοντο·
637 1839 803 1901 αὗταί
839 1868 902 1901 τε
944 1841 1014 1917 δή
1059 1844 1119 1901 αἱ
1161 1842 1278 1904 νέες
1327 1844 1482 1901 τοῖσι
1532 1838 1881 1915 Ἀθηναίοισι

280 1929 712 2006 προποιηθεῖσαι
749 1930 1020 2008 ὑπῆρχον,
1049 1930 1239 2005 ἑτέρας
1276 1954 1339 1988 τε
1378 1929 1491 1987 ἔδεε
1524 1954 1881 2005 προσναυπη-

279 2016 530 2096 γέεσθαι·
571 2016 726 2087 ἔδοξέ
745 2044 810 2077 τε
835 2024 964 2091 σφι,
984 2016 1127 2093 μετὰι
1154 2015 1221 2076 τὸ
1241 2015 1587 2095 χρηστήριον
1612 2017 1883 2091 βουλευο-

279 2104 518 2179 μένοισι,
568 2105 794 2165 ἐπιόντα
847 2106 940 2163 ε’πὶ
990 2106 1096 2180 τήν
1135 2104 1391 2165 Ἑλλάδα
1442 2104 1539 2165 τὸν
1580 2103 1885 2181 βάρβαρον

282 2191 542 2252 δέκεσθαι
574 2196 712 2270 τῇσι
750 2192 916 2267 νηυσὶ
949 2192 1245 2269 πανδημεὶ,
1268 2196 1347 2272 τῷ
1376 2194 1483 2271 θεῷ
1507 2194 1883 2267 πειθομένους,

282 2277 400 2353 ἅμα
449 2278 740 2353 Ἑλλήνων
788 2282 942 2339 τοῖσι
999 2281 1427 2356 βουλομένοισι.
1496 2278 1597 2338 ’τὰ
1648 2282 1751 2353 μὲν
1816 2278 1885 2353 δὴ

197 2378 202 2383 ”
283 2364 602 2443 χρηστήρια
625 2370 800 2425 ταῦτα
824 2370 977 2427 τοῖσι
999 2367 1351 2443 Ἀθηναίοισι
1378 2365 1645 2449 ἐγεγόνεε.

351 2453 788 2533 Συλλεγομένων
811 2454 872 2513 δὲ
900 2460 955 2517 ἐς
977 2454 1153 2516 ruha-<3
1182 2460 1293 2516 τῶν
1318 2455 1447 2531 περὶ
1472 2452 1577 2528 τὴν
1592 2450 1845 2509 Ἑλλάδα
1866 2451 1981 2508 145

283 2540 574 2616 Ἑλλήνων
602 2544 712 2601 τῶν
745 2539 816 2601 τοὶ
847 2540 1050 2617 ἀμείνω
1093 2543 1457 2619 φρονεόντων,
1502 2540 1593 2598 καὶ
1632 2537 1889 2603 διδόντων

286 2629 460 2703 σφίσι
491 2628 668 2709 λόγον
699 2630 789 2688 καὶ
818 2631 1029 2699 πίστιν,
1066 2631 1303 2691 ἐνθαῦτα
1340 2626 1523 2687 ἐδόκεε
1547 2624 1886 2701 βουλευομέ-

284 2741 435 2776 νοισι
461 2715 700 2787 αὖτοῖσι,
725 2721 948 2793 πρῶτον
982 2720 1085 2794 μὲν
1110 2714 1413 2795 χρημάτων
1436 2714 1659 2773 πάντων
1684 2716 1887 2772 καταλ-

283 2802 611 2866 λα’σσεσθαι
647 2802 748 2865 τάς
784 2828 848 2863 τε
889 2804 1091 2882 ἔχθρας
1132 2803 1223 2861 καὶ
1262 2800 1393 2866 τοῦς
1432 2800 1549 2861 κατ’
1596 2800 1885 2875 ἀλλήλους

287 2890 476 2953 ε’όντας
523 2892 822 2967 πολέμους·
879 2890 1028 2966 ἧσαν
1067 2890 1127 2947 δὲ
1166 2888 1309 2965 πρός
1345 2914 1497 2950 τινας
1540 2889 1633 2947 καὶ
1678 2886 1890 2945 ἄλλους

287 2980 694 3057 ἐγκεχρημένοι,
733 2976 766 3037 ὅ
807 2979 866 3038 δὲ
910 2977 983 3037 ὧν
1020 2977 1290 3056 μέγιστος
1323 2973 1677 3050 Ἀθηναίοισί
1701 2997 1764 3030 τε
1799 2972 1891 3028 καὶ

287 3066 636 3144 Αιγινήτῃσι·
691 3090 834 3141 μετα
873 3064 950 3132 δὲ,
990 3061 1393 3139 πυνθανόμενοι
1426 3060 1639 3139 Ξερξεα
1672 3082 1779 3116 συν
1814 3060 1892 3135 τῷ

288 3155 510 3230 στρατῷ
534 3153 672 3213 ειναι
701 3156 758 3210 ἐν
785 3150 1038 3226 Σάρδισι,
1061 3148 1477 3224 ἐβουλευσαντο
1506 3141 1893 3207 κατασκόπους

289 3236 526 3311 πέμπειν
563 3244 617 3301 ἐς
651 3236 754 3313 τὴν
779 3234 980 3307 Ἀσίην
1007 3236 1115 3291 τῶν
1150 3234 1428 3308 βασιλέος
1454 3230 1807 3313 πρηγμᾷτων,
1836 3233 1891 3295 ἐς
