2192 3409
282 101 377 151 196
902 102 1268 151 ἪΡοΔοϊοί·
1726 102 1885 167 [vu.

280 178 523 244 Σκιάθου
549 204 612 240 τε
634 180 725 239 καὶ
752 182 1106 262 Μαγνησίης,
1135 180 1474 256 καλεόμενον
1497 179 1556 239 δὲ
1577 178 1885 259 Μύρμηκα.

250 268 519 327 ..ἐνθαῦτα
552 271 606 327 οἱ
631 266 923 345 βάρβαροι
948 267 1138 343 ἐπειδὴ
1171 267 1392 343 στήλην
1417 268 1581 328 λίθου
1610 270 1887 345 ἐπέθηκαν

280 356 613 432 κομίσαντες
638 356 731 415 ἐπὶ
754 356 821 415 τὰ
846 356 1007 432 ἕρμα,
1025 356 1358 431 ὁρμηθέντες
1383 354 1542 415 αὐτοὶ
1564 360 1624 413 ἐκ
1644 357 1878 433 Θέρμης,

279 440 351 505 ὥς
392 450 505 518 σφι
556 442 622 503 τὸ
678 442 930 518 ἐμποδών
985 442 1236 523 ἐγεγόνεε
1291 442 1549 519 καθαρὰν,
1608 444 1884 505 ἐπέπλεον

280 528 503 607 πάσῃσι
548 533 685 607 τῇσι
724 530 905 604 νηυσὶ,
952 528 1142 588 ἕνδεκα
1179 529 1390 606 ἡμέρας
1431 531 1697 606 παρέντες
1737 532 1882 607 μετοί

278 616 384 689 τήν
409 616 687 691 βασιλέος
718 615 977 684 ἐξέλασιν
1012 620 1073 675 ἐκ
1109 618 1348 694 Θέρμης·
1387 617 1456 677 τὸ
1493 616 1553 675 δὲ
1591 617 1734 695 ἕρμα
1769 626 1882 695 σφι

280 702 656 781 κατηγήσατο,
678 701 771 762 ἐόν
790 708 850 762 ἐν
868 702 1022 782 πόρῳ
1048 702 1322 780 μάλιστα,
1346 703 1606 781 Πάμμων
1629 704 1879 782 Σκύριος·

278 789 599 867 πανημερόν
626 790 686 849 δὲ
720 789 1001 853 πλώοντες
1033 794 1089 850 οἶ
1127 791 1420 869 βάρβαροι
1453 790 1744 861 ἐξανύουσι
1779 798 1880 868 τῆς

280 878 617 957 Μαγνησίης
641 879 824 956 χώρης
851 879 943 937 ἐπὶ
976 877 1232 955 Σηπιάδα
1266 873 1329 940 τε
1361 878 1454 938 καὶ
1487 878 1589 939 τᾶν
1621 880 1881 959 αἰγιαλὸν

280 964 377 1024 τόν
394 965 603 1041 μεταξῦ
622 966 989 1042 Κασθαναίης
1006 991 1068 1025 τε
1082 964 1287 1029 πόλιος
1307 965 1468 1025 ἐόντα
1487 966 1580 1024 καὶ
1597 966 1878 1041 Σηπιάδος

282 1052 472 1127 ἀκτῆς.

188 1140 303 1199 184
361 1142 550 1220 Μέχρι
600 1140 703 1217 μέν
754 1165 851 1199 νυν
898 1137 1098 1200 τούτου
1143 1142 1244 1215 τοῦ
1295 1138 1479 1218 χώρου
1530 1138 1621 1199 καὶ
1668 1147 1878 1218 Θερμο-

278 1230 513 1298 πυλέων,
541 1228 761 1303 οἷπαθής
794 1252 856 1287 τε
889 1230 1071 1287 κακῶν
1101 1225 1174 1301 ἦν
1199 1224 1232 1286 ὁ
1257 1226 1515 1302 στρατὸς,
1544 1226 1636 1285 καὶ
1661 1228 1880 1303 πλῆθος

276 1314 349 1389 ἦν
384 1321 684 1392 τηνικαῦτα
722 1316 819 1385 ἔτι,
848 1314 919 1378 ὦς
959 1314 1065 1395 ἐγώ
1107 1312 1586 1391 συμβαλλόμενος
1626 1313 1876 1390 εὖρίσκω,

276 1402 471 1464 τόσον·
510 1408 619 1465 τῶν
654 1406 758 1481 μὲν
796 1408 855 1462 ἐκ
891 1406 1001 1463 τῶν
1031 1404 1168 1463 νεῶν
1193 1404 1303 1460 τῶν
1327 1406 1389 1461 ἐκ
1413 1406 1514 1478 τῆς
1539 1400 1736 1477 Ἀσίης
1763 1407 1879 1462 εὀυ-

280 1491 425 1551 σέων
466 1491 605 1551 ἑπτοὶ
644 1492 737 1549 καὶ
778 1489 1100 1566 διηκοσιέων
1141 1489 1234 1549 καὶ
1263 1490 1506 1568 χιλιέων,
1534 1488 1633 1549 τᾶν
1657 1492 1760 1567 μὲν
1786 1490 1878 1568 οἶρ-

276 1581 443 1655 χαῖον
486 1578 731 1638 ἑκάστων
770 1582 879 1637 τῶν
922 1575 1122 1637 ἐθνέων
1161 1575 1324 1637 ἐόντα
1364 1575 1566 1652 ὅμιλον
1605 1578 1880 1655 τέσσερας

280 1665 375 1721 καὶ
403 1666 581 1724 εἴκοσι
610 1664 893 1741 μυριάδας,
922 1665 1015 1723 καὶ
1043 1662 1201 1742 πρὸς,
1228 1664 1458 1742 χιλιάδα
1484 1690 1546 1725 τε
1573 1666 1665 1723 καὶ
1690 1691 1879 1743 τετρα-
1948 1714 1964 1725 ,

280 1752 519 1823 κοσίους,
550 1751 619 1815 ὥς
654 1750 761 1812 «ivri.
791 1752 1108 1827 διηκοσίους
1141 1750 1342 1829 ἄνδρας
1372 1753 1790 1832 λογιζομένοισι
1823 1759 1880 1815 ἐν

280 1838 489 1917 ἑκάστῃ
530 1840 638 1915 νηΐ·
680 1839 1021 1916 ἐπεβάτευον
1060 1840 1120 1899 δὲ
1162 1840 1254 1897 ἐπὶ
1298 1839 1534 1899 τουτέων
1573 1842 1683 1898 τῶν
1728 1845 1878 1913 νεῶν,

278 1927 447 2004 χωρὶς
482 1926 729 2005 ἑκάστων
762 1931 871 1986 τῶν
908 1926 1227 2009 ἐπιχωρίων,
1269 1928 1579 2001 ἐπιβατέων
1613 1929 1880 2003 Περσέων

279 2039 342 2073 τε
384 2014 475 2072 καὶ
514 2012 724 2088 Μήδων
765 2014 857 2072 καὶ
892 2013 1114 2077 Σακέων
1146 2012 1442 2091 τριήκοντα
1469 2011 1677 2087 ἄνδρες·
1720 2012 1907 2077 οὗτος·

276 2100 457 2163 ἄλλος
496 2100 694 2178 ὅμιλος
733 2102 944 2182 γίνεται
986 2101 1308 2180 τρισμύριοι
1351 2099 1444 2161 καὶ
1489 2099 1878 2178 ἑξακισχίλιοι,

278 2189 371 2247 καὶ
415 2187 571 2266 πρός,
608 2188 888 2265 διηκόσιοί
922 2213 985 2247 τε
1028 2190 1122 2247 καὶ
1165 2188 1315 2247 δέκα·
1357 2184 1670 2265 προσθήσω
1713 2185 1758 2245 δ’
1801 2188 1880 2247 ἔτι

274 2275 451 2356 τούτῳ
487 2277 579 2337 καὶ
617 2280 695 2355 τῷ
726 2276 975 2354 προτέρῳ
1010 2274 1228 2353 ἀριθμῷ
1267 2273 1398 2338 τοῦς
1440 2279 1500 2335 ἐκ
1541 2278 1650 2333 τῶν
1685 2300 1880 2351 πεντη-

278 2365 562 2441 κοντέρων,
588 2363 850 2439 ποιήσας,
878 2362 909 2423 ὅ
934 2388 992 2423 τι
1016 2363 1194 2422 πλέον
1217 2361 1288 2437 ἦν
1313 2361 1519 2423 αὐτέων
1545 2360 1581 2439 ἢ
1610 2362 1878 2439 ἔλασσον,

280 2450 365 2509 ἀν’
396 2450 712 2533 ὀγδώκοντα
750 2448 951 2527 {Qus
991 2452 1207 2510 ἐνεῖναι·
1249 2450 1566 2528 συνελέχθη
1608 2449 1667 2509 δὲ
1705 2455 1880 2510 ταῦτα

276 2538 349 2597 τοὶ
388 2542 579 2607 πλοῖα,
624 2537 694 2601 ὥς
740 2538 833 2597 καὶ
874 2534 1147 2615 πρότερόν
1180 2561 1280 2612 μοι
1322 2537 1522 2613 εἰρέθη,
1567 2539 1880 2615 τρισχίλια·

276 2623 383 2699 ἤδη
422 2623 494 2684 ὧν
530 2624 719 2702 ἄνδρες
756 2623 825 2684 ἂν
864 2624 971 2683 εἶεν
1006 2629 1064 2683 ἐν
1090 2622 1314 2683 αὐτοῖσι
1340 2624 1605 2700 τέσσερες
1621 2624 1882 2700 μυριάδες

278 2710 371 2766 καὶ
398 2710 589 2767 εἴκοσι.
656 2714 825 2770 τοῦτο
846 2710 951 2787 μέν
978 2736 1073 2769 νυν
1098 2710 1164 2769 τό
1193 2716 1253 2769 ἐκ
1278 2715 1380 2785 τῆς
1403 2709 1602 2785 Ἀσίης
1629 2710 1882 2771 ναυτικὸν

278 2793 363 2868 ἦν,
382 2794 613 2869 σύμπαν
634 2796 725 2856 ἐὰν
744 2796 1085 2871 πεντήκοντα
1104 2796 1364 2873 μυριάδες
1382 2798 1474 2857 καὶ
1492 2798 1613 2874 μία,
1631 2796 1882 2875 χιλιάδες

277 2904 342 2937 τε
382 2880 567 2939 ἔπεισι
608 2882 700 2939 ἐπὶ
730 2881 968 2959 ταύτῃσι
1004 2881 1162 2950 ἑπτοῖ,
1201 2883 1292 2941 καὶ
1334 2883 1491 2960 πρὸς,
1531 2883 1882 2945 ἑκατοντάδες

280 2964 356 3033 ἓξ,
383 2966 476 3023 καὶ
502 2965 681 3028 δεκάς.
749 2971 849 3026 τοῦ
869 2968 929 3025 δὲ
954 2968 1125 3037 πεζοῦ
1154 2958 1542 3045 ἑβδομήκοντα
1569 2971 1661 3028 καὶ
1689 2969 1883 3029 ἑκατὸν

278 3050 537 3126 μυριάδες
580 3052 845 3129 ἐγίνοντο·
912 3057 1023 3111 τῶν
1064 3054 1125 3112 δὲ
1168 3056 1375 3115 ἱππέων
1417 3054 1562 3115 ὄκτῶ
1600 3055 1879 3131 μυριάδες·

278 3134 593 3208 προσθήσω
628 3136 675 3193 δ’
702 3138 782 3195 ἔτι
812 3137 1063 3197 τούτοισι
1096 3140 1196 3201 τοὶς
1233 3142 1518 3217 καμήλους
1551 3139 1682 3201 τούς
1719 3140 1880 3199 ἐλαύ-

282 3241 476 3279 νοντας
492 3217 809 3293 Ἀραβίους,
827 3223 919 3280 καὶ
936 3223 1065 3287 τούς
1082 3224 1154 3283 τσῖ
1169 3224 1391 3301 ἅρματα
1403 3229 1642 3302 Λίβυας,
1661 3227 1881 3301 πλῆθος
