2192 3409
103 1218 113 1232 κ
166 1241 189 1255 ,.
207 1186 278 1245 17
304 1211 500 1263 σομαι.

295 142 392 189 130
910 138 1277 190 «ΗΡοΔοτοτ
1730 138 1885 205 [vn.

291 222 478 289 τοῦτο,
503 217 538 279 ὅ
564 243 621 277 τι
646 216 716 294 δή
743 218 875 278 κοτέ
905 223 1028 277 ἐστι
1052 217 1120 278 τό
1146 215 1580 295 ἐπιφαινόμενόν
1618 244 1707 279 τοι
1734 225 1791 280 ἐν
1816 225 1895 300 τῷ

293 305 462 387 ὕπνῳ,
491 304 638 367 ὥστε
672 305 820 376 δόξει
860 307 959 383 ἐμὲ
999 304 1145 382 ὁρῶν
1186 307 1257 365 σὲ
1298 302 1453 374 εἶναι,
1480 308 1553 383 τῇ
1588 310 1669 385 σῇ
1696 308 1894 383 ἐσθῆτι

292 394 743 472 τεκμαιρόμενον·
786 398 836 454 εἰ
870 394 930 453 δὲ
965 386 1068 470 ἐμέ
1095 394 1201 470 μὲν
1242 397 1301 452 ἐν
1340 391 1519 452 οὐδενὶ
1552 393 1705 475 λόγῳ
1736 394 1894 470 ποιή-

295 508 473 553 σεται,
511 482 636 541 οὐδὲ
677 481 904 551 ἀξιώσει
946 484 1299 558 ἐπιφανῆναι,
1329 479 1456 539 οὔτε
1496 478 1566 556 ἢν
1606 482 1711 558 τήν
1754 482 1897 558 ἐμήν

297 571 514 646 ἐσθῆτα
541 570 649 648 ἔχω
677 568 805 629 οὔτε
827 568 900 646 ἢν
923 568 1028 645 τήν
1053 568 1183 644 σήν,
1200 571 1270 629 σὲ
1298 569 1357 627 δὲ
1382 569 1753 645 ἐπιφοιτήσει,
1770 574 1895 630 τοῦ·

298 684 363 717 το
403 656 512 733 ἤδη
551 656 834 733 μαθητέον
875 657 1018 717 ἐστί·
1067 660 1116 715 εἰ
1154 655 1265 737 γὰρ
1302 654 1371 731 δὴ
1404 656 1794 734 ἐπιφοιτήσειέ
1828 684 1896 739 γε

297 745 588 823 συνεχέως,
618 745 793 820 φαίην
832 742 902 804 ἂν
942 743 1034 804 καὶ
1073 741 1239 806 αὐτὸς
1265 744 1417 803 θεῖον
1450 742 1607 803 εἶναι·
1650 748 1698 803 εἶ
1724 746 1787 804 δέ
1808 772 1896 805 τοι

298 830 439 892 οὕτω
479 830 769 907 δεδόκηται
797 832 1074 913 γίνεσθαι,
1104 830 1197 891 καὶ
1223 828 1324 890 οὔκ
1352 829 1445 890 οἷό,
1466 856 1529 891 τε
1554 829 1689 891 αὖτό
1720 858 1897 909 παρα-

298 920 514 999 τρέψαι,
541 918 672 979 ἀλλ’
696 918 806 995 ἤδη
841 919 929 978 δεῖ
966 921 1065 996 ἐμὲ
1105 922 1165 978 ἐν
1205 920 1363 997 κοίτῃ
1400 922 1473 997 τῇ
1505 923 1586 998 σῇ
1619 924 1897 979 κατυπνῶ-

300 1032 415 1078 σαι,
460 1009 615 1085 φέρε,
657 1006 866 1068 τούτων
905 1007 968 1077 ἐξ
1009 1008 1141 1084 ἐμεῦ
1185 1006 1631 1082 ἐπιτελευμένων,
1669 1007 1898 1084 φανήτω

301 1098 392 1156 καὶ
418 1097 561 1174 ἐμοί·
600 1096 769 1175 μέχρι
799 1095 860 1155 δὲ
884 1093 1101 1164 τούτου,
1129 1098 1201 1173 τῇ
1226 1094 1517 1173 παρεούσῃ
1541 1094 1737 1175 γνώμῃ
1760 1094 1897 1174 χρή·-

501 1184 534 1204 ”
613 1188 880 1244 Τοσαῦτα
921 1184 1078 1247 εἶπας
1107 1182 1461 1258 Ἀρτάβανος
1500 1184 1737 1254 ἐλπίζων
1763 1184 1898 1259 Ξέρ-

300 1274 398 1343 ξεα
424 1272 712 1343 ἀποδέξειν
738 1273 982 1353 λέγοντα
1009 1270 1184 1340 οὐδὲν,
1214 1270 1394 1329 ἐποίεε
1423 1268 1490 1330 τό
1517 1270 1898 1347 κελευόμενον·

302 1362 454 1425 ε’νδῦς
494 1362 552 1421 δὲ
593 1361 698 1437 τὴν
739 1360 957 1437 Ξέρξεω
1001 1360 1217 1435 ἐσθῆτα
1264 1358 1357 1415 καὶ
1406 1355 1653 1433 ἱζόμενος
1698 1362 1754 1420 ἐς
1798 1357 1901 1417 τᾶν

301 1449 614 1525 βασιλήϊον
649 1446 866 1525 θρόνον,
904 1448 976 1510 ὥς
1009 1445 1153 1524 μετοὶ
1194 1449 1369 1506 ταῦτα
1411 1448 1596 1505 κοῖτον
1636 1446 1897 1515 ἐποιέετο,

301 1536 446 1611 ἦλθέ
487 1538 540 1595 οἶ
585 1536 984 1613 κατυπνωμένῳ
1029 1533 1205 1594 τῶυτό
1253 1533 1466 1610 ὄνειρον
1504 1532 1572 1593 τό
1616 1532 1707 1591 καὶ
1746 1534 1900 1611 παροῖ

302 1623 514 1701 Ξέρξεα
556 1623 774 1699 ἐφοίτα·
813 1622 1101 1698 ὖπερσταῖν
1144 1621 1205 1681 δὲ
1244 1625 1346 1681 τοῦ
1380 1620 1751 1698 Ἀρταβάνου,
1780 1621 1901 1681 εἶπε

305 1710 452 1771 τάδε·
493 1720 532 1747 “
547 1709 656 1787 ἆρα
695 1709 770 1771 σι)
811 1708 880 1785 δή
922 1713 1098 1773 κεῖνος
1136 1708 1213 1773 εἷς
1239 1708 1272 1769 ὅ
1300 1707 1667 1768 ἀποσπεύδων
1692 1709 1900 1785 Ξέρξεα

305 1796 710 1876 στρατεύεσθαι
763 1798 855 1858 ἐπὶ
899 1798 1006 1874 τήν
1049 1795 1321 1868 Ἑλλάδα,
1370 1794 1443 1859 ὥς
1488 1795 1558 1871 δή
1606 1796 1902 1875 κηδόμενος

305 1886 473 1946 αὐτοῦ
492 1911 509 1955 ;
552 1884 682 1945 ἀλλ’
705 1884 831 1945 οὔτε
859 1890 915 1949 ἐς
939 1884 1006 1945 τό
1033 1885 1345 1962 μετέπειτα,
1365 1882 1493 1945 οὔτε
1519 1888 1575 1947 ἐς
1598 1883 1666 1943 τό
1694 1908 1901 1961 παραυ-

303 1976 430 2034 τίκα
455 1978 553 2033 νῦν
580 1972 974 2050 καταπροΐξεαι
993 1971 1321 2049 ἀποτρέπων
1340 1971 1406 2031 τδ
1430 1971 1600 2051 χρεόν
1616 1972 1900 2052 γενέσθαι·

304 2061 514 2137 Ξέρξεα
540 2060 600 2120 δὲ
624 2060 696 2120 ταῖ
723 2060 807 2119 δεῖ
829 2059 1274 2135 ἀνηκουστέοντα
1292 2059 1535 2128 παθέειν,
1554 2057 1701 2137 αὐτῷ
1720 2060 1903 2137 ἐκείνῳ

213 2152 287 2209 18
311 2147 666 2225 δεδήλωται.”
746 2147 935 2207 Ταῦτά
978 2172 1040 2207 τε
1089 2148 1157 2224 δή
1207 2147 1389 2207 ἐδόκεε
1432 2145 1786 2223 Ἀρτάβανος
1836 2147 1903 2207 τὸ

305 2237 516 2314 ὄνειρον
559 2236 854 2307 ἀπειλέειν,
892 2236 984 2293 καὶ
1020 2235 1281 2313 θερμοῖσι
1324 2234 1631 2311 σιδηρίοισι
1671 2236 1905 2294 ἐκκαίειν

305 2325 476 2386 αὐτοῦ
517 2326 751 2402 μέλλειν
791 2323 920 2387 τοῦς
961 2322 1315 2400 ὀφθαλμούς·
1371 2322 1465 2381 καὶ
1508 2321 1585 2391 ὃς,
1624 2320 1907 2399 ἀμβώσας

305 2414 468 2495 μέγα,
511 2413 875 2490 ἀναθρώσκει,
921 2412 1012 2471 καὶ
1053 2410 1422 2488 παριζόμενος
1451 2410 1651 2489 Ξέρξῃ,
1694 2410 1765 2473 ὥς
1802 2410 1907 2485 τῆν

305 2502 436 2577 ὄψιν
463 2505 517 2560 οἶ
541 2504 643 2561 τοῦ
671 2501 924 2561 ἐνυπνίου
957 2499 1214 2574 διεξῆλθε
1256 2496 1652 2579 ἀπηγεόμενος,
1682 2497 1907 2574 δεύτερά

305 2592 358 2646 οἶ
398 2590 554 2668 λέγει
589 2586 740 2647 τάδε·
783 2598 819 2623 “
837 2586 946 2667 ἐγω
971 2612 1092 2663 μεν,
1124 2585 1167 2645 ὦ
1192 2588 1458 2663 βασιλεῦ,
1486 2586 1579 2645 οἵα
1620 2583 1909 2663 ἅνθρωπος

307 2675 432 2734 ἶδων
467 2674 574 2749 ἤδη
614 2674 810 2734 πολλά
844 2700 908 2735 τε
943 2674 1034 2733 καὶ
1072 2672 1299 2755 μεγάλα
1328 2674 1578 2735 πεσόντα
1602 2672 1909 2754 πρήγματα

304 2761 415 2821 υπό
445 2760 726 2837 ἡσσόνων,
756 2761 855 2822 οὐκ
883 2763 982 2821 ἔων
1008 2787 1078 2820 σε
1104 2788 1177 2821 τα
1200 2788 1384 2821 παντα
1408 2766 1482 2841 τῇ
1505 2760 1700 2839 ἡλικίῃ
1729 2760 1907 2830 εἴκειν,

309 2848 676 2925 ἐπιστάμενος
719 2848 790 2912 ὥς
833 2848 1004 2909 κακόν
1053 2848 1137 2924 εἴη
1184 2849 1250 2909 τὸ
1297 2854 1531 2909 πολλῶν
1578 2848 1908 2924 ἐπιθυμέειν,

305 2936 652 3013 μεμνημένος
675 2938 780 3011 μὲν
805 2934 906 2995 τᾶν
937 2936 1028 2994 ἐπὶ
1055 2938 1447 3017 Μασσαγέτας
1474 2936 1667 3012 Κύρου
1697 2934 1912 2994 στόλον

310 3022 380 3083 ὥς
418 3022 630 3097 ἔπρηξε,
660 3023 1008 3098 μεμνημένος
1043 3022 1105 3080 δὲ
1145 3022 1236 3080 καὶ
1276 3022 1377 3083 τόν
1403 3023 1486 3081 ἐπ’
1514 3023 1789 3084 Αἰθίοπας
1812 3021 1912 3081 τὸν

309 3107 657 3183 Καμβύσεω,
707 3107 1222 3184 συστρατευόμενος
1274 3109 1334 3167 δὲ
1395 3109 1485 3167 καὶ
1542 3110 1759 3185 Δαρείῳ
1820 3110 1911 3166 ἐπὶ

312 3192 546 3253 Σκύθας·
589 3193 955 3268 ἐπιστάμενος
994 3198 1185 3275 ταῦτα,
1218 3195 1445 3275 γνώμην
1486 3195 1654 3273 εἶχον,
1688 3194 1910 3268 οἷτρεμί-

311 3276 475 3345 ζοντά
500 3301 571 3334 σε
595 3279 944 3353 μακαριστόν
970 3280 1109 3339 εἶναι
1148 3280 1289 3356 πρός
1326 3280 1547 3340 πάντων
1586 3278 1909 3354 ἀνθρώπων.
