2192 3409
323 123 588 207 87—89]
915 119 1326 173 ΨΕΡΨῙΧοΡ-Η.
1856 129 1928 173 :19

323 230 440 273 κας,
460 204 563 280 τήν
560 180 650 263 δὲ
676 203 892 279 ε’σθῆτα
914 203 1279 280 μετέβαλλον
1304 200 1514 263 αὗτέων
1540 206 1596 267 ἔς
1619 200 1726 280 τήν
1748 201 1924 263 Ἰάδα·

323 290 560 367 ἐφόρεον
589 317 700 371 γαρ
733 289 801 366 δή
839 289 950 367 πρό
976 294 1078 351 τοῦ
1113 293 1173 349 αἱ
1206 294 1317 351 τῶν
1342 287 1651 367 Ἀθηναίων
1674 294 1929 371 γυναῖκες

325 380 540 453 ἐσθῆτα
566 378 804 455 Δωρίδα,
831 382 902 457 τῇ
931 380 1204 457 Κορινθίῃ
1229 376 1802 455 παραπλησιωτάτην·
1828 404 1926 455 με·

321 466 689 542 τέβαλλον’
650 494 724 527 ων
756 471 811 529 ε’ς
845 465 943 526 τόν
976 467 1165 527 λίνεον
1192 466 1469 537 κιθῶνα,”
1444 490 1532 525 ινα
1560 466 1626 541 δὴ
1653 465 1926 545 περόνῃσι

319 580 400 630 μη
425 556 712 633 χρέωνται·
757 555 901 634 (ἔστι
928 554 988 613 δὲ
1014 552 1219 630 ἀληθέι
1244 552 1399 635 λόγῳ
1424 554 1790 633 χρεωμένοισι
1823 581 1922 613 ουκ

320 641 432 705 ’Ide
474 642 613 719 αὕτη
649 640 687 718 ἦ
725 641 895 717 ἐσθὴς
933 641 1000 701 τό
1037 641 1300 712 παλαιὸν,
1337 639 1493 701 ἀλλὰ
1521 640 1755 719 Καειρα·
1799 643 1919 701 ε’πεὶ

319 728 358 799 ἤ
383 756 450 810 γε
475 728 782 806 Ἑλληνικὴ
821 729 992 805 ε’σθης
1023 732 1189 789 πᾶσα
1214 728 1251 805 ἦ
1278 728 1486 809 ἀρχαίη
1519 733 1633 789 τῶν
1654 734 1925 810 γυναικῶν
1942 734 2017 791 88

321 811 360 889 ἦ
386 816 526 892 αὐτ-ἦ
555 816 624 893 ἦν
649 816 753 894 τὴν
783 820 881 878 νῦν
908 817 1135 894 Δωρίδα
1167 817 1487 897 καλέομεν)
1524 820 1678 878 τοῖσι
1713 817 1773 877 δὲ
1797 816 1925 895 Ἀρ·

312 904 528 983 :ydem
569 905 662 965 καὶ
703 904 862 967 τοῖσί
898 904 1241 985 Αἰγινήτῃσι
1282 904 1375 964 καὶ
1423 930 1567 982 προς
1616 908 1793 967 ταῦτα
1841 906 1921 965 ἔτι

319 991 448 1051 τόδε
483 997 722 1069 ποιῆσαι
764 992 934 1071 νόμον
961 992 1101 1053 εἶναι
1132 992 1287 1070 παρά
1313 996 1479 1070 σφιε
1454 993 1783 1071 εκατέροισι·
1823 1020 1925 1057 τας

321 1079 558 1156 περόνας
593 1080 858 1158 ἡμιολίας
898 1082 1193 1143 ποιέεσθαι
1235 1084 1338 1141 τοῦ
1377 1079 1507 1141 τότε
1548 1084 1924 1143 κατεστεῶτος

295 1162 544 1244 μέτρου,
580 1168 672 1226 καὶ
713 1173 768 1231 ἐς
809 1194 875 1231 το
923 1168 1041 1245 ἶρὸν
1082 1173 1193 1229 τῶν
1238 1169 1377 1229 θεῶν
1411 1168 1647 1229 τουτέων
1686 1167 1924 1245 περόνας

319 1254 578 1330 μάλωτα
609 1254 925 1316 ανατιθέναι
963 1282 1063 1319 τας
1093 1260 1375 1337 γυναῖκας·
1415 1254 1671 1316 Ἀττικόν
1698 1256 1757 1315 δὲ
1779 1255 1925 1332 μήτε

319 1367 374 1402 τι
417 1341 566 1403 ἄλλο
609 1344 956 1422 προσφέρειν
996 1342 1139 1420 πρὸς
1180 1342 1248 1403 τὸ
1294 1342 1431 1419 ιρόν,
1472 1342 1619 1423 μήτε
1658 1343 1917 1421 κέραμον,

319 1428 452 1489 ἀλλ’
485 1436 544 1491 ἐκ
584 1431 856 1511 χυτρίδων
897 1432 1233 1510 ἐπιχωριέων
1269 1430 1442 1509 νόμον
1475 1429 1542 1491 ra
1577 1430 1783 1491 λοιπόν
1819 1428 1913 1490 αὖ·

319 1516 456 1577 τόθι·
471 1519 610 1578 εἶναι
635 1519 827 1582 πίνειν.
911 1517 1179 1600 Ἀργείων
1200 1519 1309 1597 μέν
1344 1544 1443 1579 νυν
1468 1518 1560 1579 καὶ
1584 1518 1921 1599 Αἰγινητέων

320 1608 380 1664 αἰ
405 1611 660 1686 γυναῖκες
688 1606 748 1665 ἔκ
772 1632 834 1667 τε
860 1606 1036 1667 τόσου
1063 1606 1183 1667 κατ’
1212 1608 1325 1685 ἔριν
1349 1611 1459 1668 τῶν
1483 1606 1790 1683 Ἀθηναίων
1824 1632 1919 1667 πε-

318 1692 485 1768 ρόνας
511 1694 590 1753 ἔτι
617 1694 708 1754 καὶ
736 1700 790 1757 ἐς
819 1696 916 1772 ἐμὲ
946 1694 1185 1773 ἐφόρεον
1210 1696 1445 1773 μέζονας
1470 1692 1508 1771 ἢ
1535 1694 1645 1771 πρό
1670 1699 1793 1755 τοῦ.

400 1784 512 1856 Τῆς
559 1781 618 1841 δὲ
659 1782 862 1861 ἔχθρης
906 1786 1010 1859 τῆς
1048 1782 1193 1860 πρὸς
1226 1781 1526 1863 Αἰγινήτας
1562 1781 1915 1858 Ἀθηναίοισι
1936 1784 2011 1842 89

318 1869 618 1947 γενομένης
654 1867 804 1949 ἅρχή
844 1868 988 1931 κατὰ
1021 1869 1094 1929 τά
1130 1870 1341 1947 εἴρηται
1368 1871 1604 1950 ἐγένετο.
1685 1868 1813 1931 τότε
1849 1870 1918 1947 δὴ

318 1957 583 2031 Θηβαίων
637 1958 1096 2035 ἐπικαλεομένων,
1143 1956 1439 2035 προθύμως
1500 1962 1611 2018 τῶν
1664 1958 1792 2036 περὶ
1843 1957 1915 2019 vd

316 2041 620 2122 ἀγάλματα
659 2046 970 2126 γενομένων
1006 2043 1559 2123 ἀναμιμνησκόμενοι
1604 2048 1659 2105 οἰ
1692 2050 1916 2128 Αἰγινῆ-

315 2155 409 2190 ται
453 2132 728 2208 ἐβοήθεον
779 2136 935 2193 τοῖσι
982 2136 1301 2193 Βοιωτοῖσι.
1382 2134 1685 2213 Αἰγινῆταί
1731 2158 1793 2194 τε
1844 2134 1913 2210 δή

316 2218 505 2299 ἐδῄευν
529 2224 631 2297 τῆς
654 2219 913 2295 Ἀττικῆς
938 2220 1010 2281 τοὶ
1040 2219 1507 2299 παραθαλάσσια,
1536 2222 1631 2279 καὶ
1660 2220 1917 2298 Ἀθηναί-

317 2333 434 2367 οισι
461 2308 865 2385 ὁρμεωμένοισι
892 2306 974 2367 ἐπ’
997 2307 1297 2389 Αἰγινήτας
1324 2308 1747 2387 στρατεύεσθαι,
1774 2310 1918 2386 ἦλθε

311 2394 584 2471 μαντήϊον
634 2400 693 2453 ἑκ
736 2398 982 2472 Δελφῶν
1026 2394 1365 2475 ἐπισχόντας
1394 2394 1511 2456 ἅττ-ὂ
1553 2400 1656 2457 τοῦ
1691 2400 1917 2477 Αἰγινη-

313 2483 450 2543 τέων
485 2482 700 2543 ἆδικίου
740 2482 1037 2561 τριήκοντα
1072 2486 1213 2556 ἔτεα,
1241 2488 1317 2563 τῷ
1354 2484 1434 2543 ἑνὶ
1469 2482 1562 2542 καὶ
1587 2490 1915 2564 τριηκοστῷ,

314 2573 503 2649 Αἰακῷ
531 2571 759 2650 τέμενος
789 2569 1166 2643 ἀποδέξαντας
1207 2571 1487 2651 ἄρχεσθαι
1522 2575 1624 2633 τοῦ
1658 2571 1800 2650 πρὸς
1827 2577 1930 2632 Ἀί-

312 2656 541 2736 γινήτας
580 2660 854 2737 πολέμου·
898 2660 996 2719 καί
1028 2666 1143 2738 σφι
1180 2658 1463 2739 χωρήσειν
1488 2659 1559 2721 ταῖ
1582 2660 1913 2739 βούλονται·

313 2744 382 2821 ἢν
407 2746 466 2805 δὲ
494 2746 692 2807 αὐτίκα
718 2748 1239 2827 ἐπιστρατεύωνται,
1265 2746 1461 2808 πολλοὶ
1495 2748 1601 2828 μέν
1636 2755 1823 2826 σφεας
1857 2754 1917 2809 ἐν

313 2837 390 2912 τῷ
413 2835 624 2911 μεταξι)
650 2840 750 2897 τοῦ
775 2837 984 2915 χρόνου
1003 2836 1308 2897 πείσεσθαι
1327 2835 1523 2896 πολλὰ
1549 2836 1610 2896 δὲ
1637 2838 1731 2897 καὶ
1757 2834 1917 2912 ποιή-

315 2946 457 2981 σειν·
497 2924 663 2987 τέλος
685 2924 876 3000 μέντοι
904 2922 1415 3003 καταστρέψεσθαι.
1483 2927 1661 2983 ταῦτα
1688 2922 1757 2986 ὥς
1783 2921 1917 2981 α’,πε-

315 3010 661 3088 νειχθέντα
626 3037 877 3086 ηκουσαν
904 3016 958 3073 οἱ
981 3011 1287 3088 Ἀθηναῖοι,
1314 3015 1392 3089 τῷ
1415 3012 1520 3087 μὲν
1546 3013 1735 3088 Αἰακῷ
1759 3010 1927 3087 τέμε-,

316 3122 408 3160 νος
449 3098 735 3171 ἀπέδεξαν,
762 3106 929 3163 τοῦτο
963 3126 1030 3161 το
1070 3104 1168 3159 νῦν
1199 3099 1292 3158 ε’πί
1322 3102 1423 3173 τῆς
1448 3095 1703 3178 οἷγορῆςι
1684 3097 1915 3177 ἵδρυται·

315 3186 612 3263 τριήκοντα
653 3188 777 3247 δὲ”
749 3214 872 3248 ετεα
912 3186 1012 3248 οὐκ
1046 3185 1355 3263 ανέσχοντο
1397 3184 1735 3249 ακούσαντες
1777 3185 1915 3248 ὅκως

315 3274 494 3351 χρεων
541 3276 625 3351 εἴη
673 3279 942 3356 ἐπισχεῖν,
993 3272 1341 3338 πεπονθότας
1386 3271 1529 3351 πρὸς
1575 3274 1913 3354 Αἰγινητέων
