2192 3409
304 82 516 145 11—13]
930 82 1301 133 ΠΟΛΤΜΝῙΑ.
1807 82 1898 134 127

303 160 597 239 ἀδελφεός·
644 161 810 223 τοῦτό
853 188 924 223 σε
964 162 1195 240 ῥύσεται
1229 161 1440 239 μηδένα
1483 159 1642 232 ἄξιον
1684 162 1895 239 μισθὸν

303 252 509 326 λαβεῖν
544 250 717 310 ἐπέων
755 249 1022 327 ματαίων·
1065 250 1163 308 καί
1183 274 1272 308 τοι
1296 248 1501 325 ταύτην
1530 248 1635 325 τήν
1673 248 1897 325 άτιμίην

302 338 650 416 προστίθημι
689 338 834 398 ἐόντι
867 342 1014 417 κακῷ
1037 363 1100 397 τε
1128 337 1219 396 καὶ
1246 335 1455 415 άθίμῳ,
1482 336 1625 414 μήτε
1648 362 1895 413 συστρα-

301 424 562 487 τεῦεσθαι
599 427 728 503 ἐμοί
761 452 826 506 γε
869 426 960 485 ἐπὶ
999 424 1104 501 τήν
1128 423 1383 484 Ἑλλάδα
1422 424 1591 483 αὐτοῦ
1620 449 1683 483 τε
1712 424 1895 500 μένειν

302 510 422 589 ἅμα
446 518 582 591 τῇσι
607 514 840 594 γυναιξί·
885 511 992 593 ἐγώ
1019 514 1076 572 δὲ
1106 513 1198 571 καὶ
1221 510 1352 573 νἄνευ
1378 512 1481 571 σέο
1507 510 1723 588 ὅσαπερ
1764 511 1895 570 εἶπα

305 602 562 659 ἐπιτελέα
614 600 858 677 ποιήσω·
925 600 1008 677 μή
1056 599 1165 681 γοῖρ
1219 601 1339 677 εἵην,
1390 604 1450 658 ἐκ
1506 600 1745 676 Δαρείου
1795 602 1897 659 τοῦ

302 686 671 759 Ὑστάσπεος,
715 693 815 749 τοῦ
860 687 1194 766 Ἀρσάμεος,
1231 691 1332 747 τοῦ
1365 685 1761 765 Ἀριαράμνεω,
1794 690 1896 747 τοῦ

304 777 588 847 Τεΐσπεος,
615 782 714 838 τοῦ
741 776 950 855 Κύρου,
977 780 1078 836 τοῦ
1106 774 1453 852 Καμβύσεω,
1478 778 1581 835 τοῦ
1608 775 1893 843 Τεΐσπεος,

303 868 404 923 τοῦ
436 864 794 943 Ἀχαιμένεος
834 864 1090 947 γεγονώς,
1130 862 1212 940 μή
1252 861 1706 941 τιμωρησάμενος
1729 862 1895 939 Ἀθη·

303 952 506 1015 ναίους·
549 952 608 1011 εὖ
635 953 1016 1029 ἐπιστάμενος,
1039 951 1127 1011 ὅτι
1154 955 1201 1011 εἰ
1223 950 1383 1027 ἡμεῖς
1406 949 1648 1028 ἡσυχίην
1673 948 1893 1026 ἄξομεν,

305 1037 436 1097 ἀλλ’
466 1038 564 1099 οὐκ
599 1044 792 1100 ἐκεῖνοι
825 1039 980 1099 ἀλλα
1013 1040 1107 1099 καὶ
1136 1037 1295 1115 μάλα
1331 1062 1768 1115 στρατευσονται
1804 1038 1896 1097 ἐπὶ

305 1126 409 1201 τὴν
434 1126 739 1203 ἡμετέρην,
751 1131 799 1187 εἰ
823 1154 933 1206 χρη
918 1124 1421 1203 σταθμωσασθαι,
1436 1128 1590 1185 τοῖσι
1614 1123 1896 1205 ὖπαργμέ-

308 1238 460 1272 νοισι
487 1214 547 1282 ἐξ
566 1215 798 1275 ἐκείνων·
841 1214 894 1274 οἳ
920 1213 1121 1292 Σάρδις
1138 1240 1201 1273 τε
1222 1213 1533 1289 ἐνέπρησαν
1555 1213 1647 1271 καὶ
1672 1212 1896 1288 ἤλασαν

309 1305 365 1363 ἐς
387 1301 491 1377 τὴν
514 1300 732 1379 Ἀσίην.
817 1301 989 1363 οὔκων
1016 1301 1406 1381 ἐξαναχωρέειν
1432 1298 1771 1377 οὐδετέροισι
1808 1300 1895 1359 δυ-

309 1393 480 1453 νατῶς
507 1392 636 1469 ἔχει,
663 1390 818 1449 <im
843 1391 1049 1449 ποιέειν
1073 1389 1111 1465 ἢ
1138 1390 1362 1449 παθέειν
1401 1388 1695 1465 προκέεται
1728 1386 1895 1470 α’γῶν·

311 1478 400 1536 ἶνα
423 1476 460 1553 ἢ
487 1478 616 1537 τάδε
641 1478 826 1537 πάντα
849 1477 958 1537 fier&
989 1474 1326 1551 Ἐλλησι,’“
1290 1503 1327 1553 η
1356 1480 1534 1537 ἐκεῖνα
1573 1474 1757 1537 πάντα
1785 1503 1895 1537 υπο

311 1565 572 1643 Πέρσῃσι
613 1565 962 1644 γένηται·τό
1003 1592 1113 1645 γαρ
1149 1565 1330 1641 μέσον
1367 1562 1523 1624 ουδέν
1559 1567 1662 1641 τῆς
1698 1566 1897 1645 ἔχθρης

311 1651 452 1709 ἐστί·
494 1650 736 1711 καλὸν’
695 1678 768 1711 ων
793 1651 1311 1729 προπεπονθότας
1273 1652 1449 1762 ημέας
1474 1653 1757 1730 τιμωρέειν
1792 1652 1897 1728 ἤδη

308 1739 532 1817 γίνεται,
563 1739 652 1799 ἴνα
679 1740 770 1799 καὶ
793 1739 860 1799 το
889 1740 1064 1801 ὃεινὸν
1098 1740 1165 1800 τό
1205 1740 1473 1818 πείσομαι
1508 1744 1675 1799 τοῦτο
1714 1740 1891 1816 μάθω,

311 1824 523 1889 ἐλάσας
559 1825 641 1885 ἐπ’
682 1826 882 1905 ἄνδρας
922 1828 1167 1897 τούτους,
1206 1827 1335 1891 τούς
1375 1854 1443 1908 γε
1486 1828 1578 1887 καὶ
1616 1829 1822 1906 Πέλοψ
1862 1828 1894 1888 ὁ

307 1913 474 1989 Φρῦξ,
501 1912 604 1974 ἐών
641 1916 892 1994 πατέρων
915 1918 1026 1975 τῶν
1052 1920 1197 1992 ἐμῶν
1238 1916 1452 1986 δοῦλος,
1482 1918 1897 1994 κατεστρέψατο

311 2000 464 2071 οὕτω,
496 2001 567 2066 ὥς
610 2003 702 2062 καὶ
735 2008 790 2067 ἐς
829 2003 956 2063 τόδε
996 2001 1161 2063 αὖτοί
1194 2030 1257 2063 τε
1294 2004 1579 2080 ὥνθρωποι
1619 2005 1711 2063 καὶ
1749 2004 1786 2080 ἦ
1822 2008 1899 2086 γῆ

309 2087 486 2150 αὐτῶν
510 2090 784 2167 ἐπώνυμοι
807 2095 908 2150 τοῦ
935 2093 1465 2169 καταστρεψαμένου
1490 2092 1831 2151 καλέονται.”

386 2182 572 2237 Ταῦτα
595 2180 702 2254 μὲν
729 2179 820 2237 ἐπὶ
845 2183 1087 2239 τοσοῦτο
1116 2180 1359 2259 ἐλέγετο·
1385 2178 1529 2256 μετοὶ
1549 2180 1625 2250 δὲ,
1654 2179 1897 2257 εὐφρόνη
1920 2183 1991 2239 12

305 2290 368 2323 τε
405 2266 612 2346 ἐγίνετο
651 2266 744 2324 καὶ
778 2266 988 2343 Ξέρξεα
1022 2268 1195 2339 ἔκνιζε
1224 2266 1263 2344 ‘q‘
1296 2267 1651 2345 Ἀρταβάνου
1686 2267 1898 2349 γνώμη·

307 2351 460 2411 νυκτὶ
485 2352 544 2411 δὲ
567 2352 790 2428 βουλήν
816 2352 1012 2425 διδοῦς,
1029 2354 1223 2437 πάγχυ
1248 2354 1472 2433 εὕρισκέ
1495 2358 1549 2415 οἱ
1575 2354 1639 2413 οὐ
1665 2360 1900 2433 πρῆγμα

308 2440 446 2499 εἶναι
472 2440 877 2518 στρατεύεσθαι
903 2443 996 2501 ἐπὶ
1018 2444 1123 2519 τήν
1155 2442 1426 2501 Ἐλλάδα·
1469 2442 1807 2522 δεδογμένων
1842 2443 1904 2502 δέ

307 2532 362 2587 οἱ
387 2527 538 2592 αὖτις
564 2528 787 2599 τούτων,
827 2530 1171 2591 κατύπνωσε·
1214 2531 1307 2589 καὶ
1342 2530 1412 2604 δή
1438 2555 1537 2589 κου
1566 2534 1623 2589 ἐν
1648 2533 1720 2607 τῇ
1746 2530 1899 2589 νυκτὶ

307 2617 413 2675 εἶδε
433 2615 566 2695 ὄψιν
589 2617 822 2693 τοιήνδε,
852 2617 923 2683 αἷς
950 2620 1175 2700 λέγεται
1198 2617 1310 2679 ὖπὸ
1338 2616 1622 2693 Περσέων·
1666 2617 1846 2677 ἐδόκεε
1867 2618 1899 2677 ὁ

307 2706 515 2783 Ξέρξης
564 2704 736 2783 ἄνδρα
783 2710 836 2765 οἱ
879 2705 1183 2767 ἐπιστάντα
1233 2706 1412 2785 μέγαν
1456 2730 1518 2765 τε
1564 2706 1657 2765 καὶ
1696 2705 1901 2765 εὐειδέα

308 2796 518 2853 εἰπεῖν.
546 2804 583 2829 “
596 2792 740 2870 μετὰ
773 2794 842 2868 δὴ
877 2792 1272 2870 βουλευεαι,’
1232 2820 1275 2853 ω
1315 2793 1532 2869 Πέρσα,
1574 2792 1897 2870 στράτευμα

305 2881 386 2958 μή
413 2880 569 2962 ἄγειν
595 2882 688 2939 ἐπὶ
711 2880 814 2956 τήν
839 2880 1111 2950 Ἐλλάδα,
1138 2880 1409 2958 προείπας
1434 2880 1645 2951 αλίζειν
1672 2881 1902 2956 Πέρσας

308 2968 574 3045 στρατόν;
647 2966 771 3027 οὔτε
827 2968 914 3028 ὧν
949 2967 1503 3044 μεταβουλευόμενος
1564 2968 1769 3029 ποιέεις
1824 2993 1900 3037 ευ,

307 3080 435 3117 ουτε
481 3083 512 3115 ο
554 3054 1016 3135 συγγνωσόμενός
1054 3080 1144 3115 τοι
1182 3054 1353 3133 πάρα·
1394 3053 1544 3125 ἀλλ’,
1573 3053 1763 3131 ὥσπερ
1791 3058 1904 3129 τῆς

307 3143 514 3221 ἡμέρης
555 3142 908 3219 ἐβουλεύσαο
946 3142 1167 3215 ποιέειν,
1210 3142 1417 3219 ταύτην
1450 3143 1532 3204 ἴθι
1565 3145 1691 3203 τῶν·
1711 3140 1900 3203 όδῶν.”

309 3231 421 3293 ‘rav
431 3232 554 3310 μὲν,
572 3233 746 3291 ταῦτα
767 3230 1015 3301 εἴπαντα,
1035 3228 1219 3291 ἐδόκεε
1238 3230 1270 3291 ὁ
1290 3229 1501 3308 Ξέρξης
1518 3229 1901 3291 ἀποπτάσθαι·
1924 3232 1997 3289 13
2121 3256 2190 3363 Δ
