2192 3409
279 85 375 134 328
888 83 1257 134 ἮΡοΔοτοτ
1752 87 1877 153 [nt.

279 164 557 224 ἐσέπτατο
611 164 667 226 ἐς
717 160 785 223 τὸ
833 163 1215 240 στρατόπεδον
1264 167 1397 235 πᾶν,
1442 163 1533 226 καὶ
1586 169 1882 243 κηρυκήῖον

249 243 461 328 ’ἐφάνη
515 251 607 310 ἐπὶ
657 253 758 325 τῆς
810 255 1137 331 κυματωγῆς
1190 253 1458 328 κείμενον·
1524 253 1561 328 ἦ
1614 253 1674 313 δὲ
1715 255 1881 332 φήμη

280 339 478 415 διῆλθέ
531 344 642 413 σφι
697 336 815 408 ὧδε,
865 337 934 400 ὥς
982 341 1036 397 οἱ
1078 337 1359 414 Ἕλληνες
1410 341 1514 415 τήν
1561 337 1895 418 Μαρδονίου

282 425 552 501 στρατιήν
579 428 766 503 νικῷεν
797 431 855 485 ἐν
889 430 1189 485 Βοιωτοῖσι
1219 426 1543 506 μαχόμενοι.
1629 429 1775 505 δῆλα
1810 427 1881 504 δὴ

282 515 556 572 πολλοῖσι
590 513 947 589 τεκμηρίοισί
969 517 1092 572 ἐστι
1126 513 1197 573 τοὶ
1229 515 1351 573 θεῖα
1385 519 1495 573 τῶν
1523 515 1881 596 πρηγμάτων,

283 605 330 660 εἰ
356 601 447 658 καὶ
477 599 607 658 τότε
639 602 740 674 τῆς
775 598 947 676 αὐτῆς
981 601 1193 679 ήμέρης
1226 603 1660 678 συμπιπτούσης
1689 608 1789 662 τοῦ
1822 629 1885 664 τε

285 693 342 746 ἐν
362 690 691 766 Πλαταιῇσι
719 687 812 746 καὶ
837 691 938 747 τοῦ
965 692 1023 747 ἐν
1049 687 1295 764 Μυκάλῃ
1313 689 1625 763 μέλλοντος
1646 690 1882 749 ἔσεσθαι

280 773 582 850 τρώματος,
613 773 778 851 φήμη
814 779 967 834 τοῖσι
997 773 1250 850 Ἕλλησι
1287 778 1439 833 τοῖσι
1473 775 1648 854 ταύτῃ
1686 777 1883 835 ἐσαπί-

285 886 428 931 κετο,
458 859 603 920 ὥστε
631 862 926 939 θαρσῆσαί
955 888 1015 922 τε
1045 861 1149 936 τὴν
1189 860 1459 937 στρατιὴν
1498 865 1698 941 πολλῷ
1737 867 1883 939 μᾶλ-

193 951 301 1008 lOl
325 953 445 1020 λον,
491 951 583 1010 καὶ
630 951 843 1009 ἐθέλειν
884 950 1302 1027 προθυμότερον
1342 949 1685 1010 κινδυνεύειν.
1769 952 1888 1011 Καὶ

285 1036 413 1096 τόδε
450 1038 637 1114 ἕτερον
673 1038 950 1097 συνέπεσε
981 1037 1295 1118 γενόμενον,
1325 1037 1626 1115 Δήμητρος
1657 1038 1887 1116 τεμένεα

282 1122 632 1202 Ἐλευσινίης
684 1124 836 1202 παρὰ
875 1124 1201 1202 ἀμφοτέρας
1239 1122 1340 1188 τάς
1380 1125 1683 1202 συμβολὰς
1729 1126 1885 1185 εἶναι·

288 1213 380 1271 καὶ
405 1213 516 1293 γὰρ
543 1211 611 1289 δή
639 1217 697 1272 ἐν
720 1217 793 1291 τῇ
823 1213 1128 1272 Πλαταιΐδα,
1152 1213 1284 1290 παρ’
1312 1211 1448 1272 αὐτὰ
1471 1212 1541 1273 τὸ
1562 1213 1888 1290 Δημήτριον

287 1301 506 1382 ἐγένετο
543 1301 642 1382 (ὥς
680 1302 774 1360 καὶ
811 1300 1085 1379 πρότερόν
1125 1327 1224 1379 μοι
1265 1301 1497 1382 εἴρηται)
1522 1301 1561 1376 ἦ
1592 1301 1767 1380 μάχη,
1796 1303 1889 1359 καὶ

288 1393 348 1450 ἐν
378 1390 624 1467 Μυκάλῃ
667 1391 870 1466 ἔμελλε
911 1388 1172 1452 ὡσαύτως
1214 1389 1465 1448 ἔσεσθαι·
1504 1390 1790 1470 γεγονέναι
1828 1389 1888 1447 δὲ

287 1477 443 1553 νίκην
475 1481 585 1536 τῶν
619 1477 762 1554 μετὰ
799 1477 1133 1536 Παυσανίεω
1165 1476 1455 1552 Ἑλλήνων
1491 1475 1669 1553 ὀρθῶς
1704 1482 1816 1551 σφι
1848 1469 1889 1551 ἦ

291 1563 456 1640 φήμη
484 1566 783 1641 συνέβαινε
811 1566 1080 1624 ἐλθοῦσαν
1122 1563 1189 1623 τὸ
1213 1565 1318 1640 μὲν
1342 1563 1453 1644 γάρ
1480 1569 1538 1624 ἐν
1561 1567 1890 1642 Πλαταιῇσι

288 1652 432 1727 πρωῒ
465 1653 542 1712 ἔτι
579 1656 680 1726 τῆς
711 1651 919 1728 ἡμέρης
957 1652 1187 1731 ἐγίνετο·
1226 1651 1293 1710 τό
1322 1651 1382 1710 δὲ
1408 1656 1465 1711 ἐν
1493 1651 1738 1729 Μυκάλῃ
1764 1652 1891 1727 περὶ

289 1737 495 1814 δειλην·
537 1736 624 1798 ὅτι
651 1738 712 1796 δὲ
735 1742 836 1812 τῆς
861 1737 1031 1812 αὐτῆς
1056 1737 1269 1814 ἡμέρης
1293 1739 1589 1814 συνέβαινε
1614 1739 1887 1820 γίνεσθαι,

288 1824 462 1900 μηνός
489 1849 552 1883 τε
591 1827 692 1882 τοῦ
733 1823 921 1892 αὐτοῦ,
950 1823 1134 1901 χρόνῳ
1170 1823 1236 1883 οὗ
1267 1830 1467 1904 πολλῷ
1506 1833 1618 1900 σφι
1658 1825 1893 1902 ὕστερον

290 1913 437 1986 δῆλα
477 1910 928 1988 ἀναμανθάνουσι
981 1911 1205 1990 ἐγίνετο.
1290 1910 1361 1986 ἦν
1402 1911 1461 1970 δὲ
1501 1913 1739 1989 ἀρρωδίη
1779 1918 1893 1988 σφι

291 2000 421 2077 πρὶν
478 1999 582 2075 τήν
647 1997 844 2075 φήμην
903 1998 1291 2068 ἐσαπικέσθαι,
1348 1996 1466 2057 οὔτι
1518 2001 1647 2074 περὶ
1698 2001 1895 2075 σφέων

293 2086 470 2148 αὐτῶν
513 2086 669 2158 οὕτω,
709 2085 778 2150 ὥς
816 2089 926 2146 τῶν
956 2082 1263 2160 Ἑλλήνων,
1304 2083 1384 2162 μὴ
1424 2086 1551 2162 περὶ
1593 2086 1894 2165 Μαρδονίῳ

293 2176 506 2256 πταίσῃ
546 2174 583 2252 ἤ
622 2175 855 2239 Ἑλλάς·
925 2172 996 2237 ὥς
1033 2173 1225 2250 μέντοι
1262 2173 1301 2248 ἦ
1344 2173 1561 2252 κλῃδῶν
1599 2171 1740 2249 αὕτη
1781 2180 1895 2250 σφι

296 2264 588 2335 ἐσέπτατο,
629 2262 857 2340 μᾶλλόν
896 2288 953 2323 τι
993 2263 1084 2322 καὶ
1123 2262 1428 2340 ταχύτερον
1468 2261 1571 2338 τήν
1610 2261 1895 2338 πρόσοδον

298 2355 594 2413 ἐποιεῦντο.
679 2354 734 2410 οἶ
783 2352 888 2429 μὲν
928 2349 998 2427 δή
1042 2348 1322 2424 Ἕλληνες
1369 2350 1460 2409 καὶ
1507 2352 1562 2409 οἱ
1599 2349 1892 2426 βάρβαροι

296 2439 565 2498 ἔσπευδον
591 2443 647 2502 ἐς
679 2437 782 2513 τὴν
817 2437 1023 2516 μάχην,
1051 2436 1123 2500 ὥς
1156 2442 1269 2511 σφι
1306 2438 1399 2496 καὶ
1430 2440 1489 2496 αἱ
1524 2441 1693 2512 νῆσοι
1731 2436 1822 2494 καὶ
1860 2435 1893 2495 ὅ

295 2522 727 2601 Ἑλλήσποντος
753 2523 932 2584 α”εθλα
957 2524 1265 2602 προέκειτο.

205 2606 318 2665 102
417 2614 583 2670 Τοῖσι
621 2612 726 2687 μέν
757 2635 854 2672 νυν
883 2609 1235 2687 Ἀθηναίοισι
1268 2612 1359 2669 καὶ
1391 2615 1546 2671 τοῖσι
1585 2611 1897 2687 προσεχέσι

296 2693 549 2753 τούτοισι
599 2697 1008 2777 τεταγμένοισι,
1046 2699 1217 2776 μέχρι
1270 2725 1371 2758 κου
1407 2702 1519 2758 τῶν
1555 2697 1818 2775 ἡμισέων,
1858 2697 1897 2773 ἤ

297 2776 425 2840 ἆδός
471 2781 679 2858 ἐγίνετο
728 2782 846 2842 κατ’
893 2785 1153 2864 αἰγιαλόν
1198 2811 1260 2846 τε
1290 2787 1399 2861 ,καὶ
1444 2785 1650 2845 ἄπεδον
1695 2788 1898 2864 χῶρον·

295 2865 449 2919 τοῖσι
481 2863 539 2922 δὲ
573 2868 1067 2944 Λακεδαιμονίοισι
1107 2873 1199 2932 καὶ
1231 2877 1384 2933 τοῖσι
1421 2873 1619 2949 ἐπεξῆς
1648 2872 1901 2934 τούτοισι

296 2950 702 3024 Τεταγμένῡισί,
742 2956 884 3014 κατά
919 2982 981 3016 τε
1015 2960 1303 3036 χαράδρην
1330 2961 1421 3019 καὶ
1458 2960 1640 3037 οὔρεα·
1685 2965 1743 3020 ἐν
1769 2956 1812 3040 ᾧ
1842 2961 1903 3020 δὲ

296 3029 350 3081 οἶ
391 3034 818 3109 Λακεδαιμόνιοι
859 3044 1178 3117 περιήϊσαν,
1214 3045 1367 3106 οὗτοι
1404 3051 1458 3107 οἱ
1489 3049 1582 3106 ἐπὶ
1620 3052 1698 3127 τῷ
1739 3048 1903 3128 ἑτέρῳ

297 3109 444 3212 κὲξεῖ
494 3116 574 3172 ἔτι
633 3120 726 3176 καὶ
777 3123 848 3196 δή
909 3126 1207 3204 ἐμάχοντο.
1290 3134 1388 3194 ἔως
1441 3135 1548 3209 μέν
1600 3161 1699 3195 νυν
1748 3140 1905 3196 τοῖσι

296 3193 562 3269 mmm
588 3199 754 3273 ὄρθια
779 3205 849 3278 ἦν
881 3209 953 3268 τὰ
986 3213 1178 3289 γέρρα,
1210 3203 1489 3292 ἠμύνοντό
1524 3247 1587 3280 τε
1624 3222 1717 3282 καὶ
1750 3223 1907 3286 02:322«
