2192 3409
344 117 439 163 ριπ
963 110 1333 162 mmmmm
1759 106 1954 173 [v111.

344 216 443 251 τον
482 190 731 270 θόρυβον
774 188 1041 249 αἶπίκοντο
1096 187 1244 249 ὥστε
1283 188 1417 247 ἔνιοι
1455 189 1566 248 τῶν
1617 183 1958 269 στρατηγῶν

348 277 473 339 οὐδὲ
500 278 860 357 κυρωθῆναι”
832 302 1022 353 εμενον
1046 276 1115 337 τὸ
1143 277 1503 352 προκείμενον
1537 280 1789 357 πρῆγμα,
1819 276 1940 336 ἀλλ’

348 369 403 430 ἔς
440 393 503 426 τε
540 368 641 429 τοὶς
681 370 815 441 νῆας
856 366 1178 433 ἐσέπιπτον,
1227 365 1321 422 καὶ
1361 364 1518 423 ἱστία
1569 364 1824 441 ἀείροντο
1875 393 1956 430 ως

350 454 812 529 ἀποθευσόμενοι·
886 453 1044 513 τοῖσί
1098 478 1160 512 τε
1221 446 1718 528 ὖπολειπομένοισι
1771 452 1958 515 αύτῶν
1999 452 2010 461 ”

352 542 599 619 ἐκυρώθη
624 540 735 617 πρὸ
762 544 863 600 τοῦ
879 539 1116 616 Ἰσθμοῦ
1137 540 1485 617 ναυμαχέειν·
1509 539 1610 609 νύξ
1629 565 1692 599 τε
1717 542 1948 621 ἐγίνετο,

350 630 441 688 καὶ
482 628 552 699 οῗ,
586 628 933 691 διαλυθέντες
970 632 1030 687 ἐκ
1066 631 1168 686 τοῦ
1207 627 1512 703 συνεδρίου,
1557 628 1855 704 ἐσέβαινον
1896 636 1954 693 ἐς

250 718 329 781 57
350 716 450 778 τὰς
488 719 641 791 νῆας.
723 714 999 775 Ἐνθαῢτα
1050 714 1121 789 δὴ
1175 715 1568 791 Θεμιστοκλέα
1613 714 1954 792 ἀπικόμενον

350 804 443 863 ἐπὶ
482 804 587 879 τὴν
622 808 729 879 νῆα
760 805 935 881 εἴρετο
971 803 1356 878 Μνησίφιλος,
1393 801 1536 881 ἀνὴρ
1569 802 1882 879 Ἀθηναῖος,
1915 802 1954 864 ὅ

346 919 405 953 τι
430 898 543 969 σφι
570 894 655 969 εἴη
676 892 1157 969 βεβουλευμένονς
1189 888 1503 967 πυθόμενος
1529 892 1589 950 δὲ
1615 891 1754 967 πρός
1779 890 1952 951 αὐτοῦ

348 981 423 1045 ὥς
448 983 533 1058 εἴη
558 982 887 1062 δεδογμένον
914 977 1140 1060 ἀνάγειν
1159 1004 1259 1042 τας
1281 982 1414 1053 νῆας
1433 978 1574 1056 πρὸς
1591 1004 1690 1039 τον
1713 979 1952 1055 Ἰσθμόν

350 1071 445 1129 καὶ
466 1096 577 1147 προ
604 1072 703 1144 τῆς
729 1066 1176 1142 Πελοποννήσου
1203 1067 1549 1145 ναυμαχέειν,
1571 1066 1710 1125 εἶπε·
1741 1078 1778 1103 “
1795 1095 1952 1128 ουτοι

350 1157 461 1235 ἄρα
504 1156 574 1233 ἣν
618 1156 899 1234 ἀπαίρωσι
938 1154 1037 1217 τοὶς
1084 1178 1222 1231 νηας
1261 1153 1376 1213 ἀπο
1425 1155 1766 1230 Σαλαμῖνος,
1822 1158 1952 1233 περὶ

352 1244 609 1323 οὐδεμιῆς
642 1245 721 1303 ἔτι
748 1243 1013 1319 πατρίδος
1038 1240 1439 1321 ναυμαχήσεις·
1483 1242 1623 1302 κατὰ
1647 1244 1758 1323 γοὶρ
1784 1243 1951 1307 πόλις

353 1333 580 1392 ἔκαστοι
631 1332 947 1409 τρέψονται·
1020 1330 1112 1388 καὶ
1165 1328 1293 1389 οὔτε
1347 1330 1534 1405 σφέας
1597 1330 1952 1408 Εὐρυβιάδης

352 1422 603 1499 κατέχειν
638 1419 933 1495 δυνήσεται
964 1416 1089 1477 οὔτε
1127 1443 1211 1481 τις
1245 1416 1548 1494 ἀνθρώπων
1581 1416 1774 1489 ἄλλος,
1805 1420 1950 1480 ὥστε

352 1507 417 1567 οὗ
449 1508 530 1585 μή
564 1506 1035 1581 διασκεδασθῆναι
1069 1505 1176 1582 τήν
1215 1506 1504 1615 στρατιήν·
1553 1505 1857 1566 ἀπολέεταί
1887 1534 1950 1567 τε

352 1594 392 1669 ἤ
425 1594 637 1657 Ἕλλας
672 1594 1003 1672 ἀβουλίῃσι.
1086 1592 1219 1653 ἀλλ’
1252 1594 1305 1651 εἴ
1334 1618 1420 1655 τις
1452 1595 1576 1654 ἐστὶ
1603 1620 1842 1673 μηχανη,
1871 1596 1950 1655 ἴθι

358 1682 451 1740 καὶ
492 1684 665 1757 πειρῶ
703 1681 919 1758 διαχέαι
956 1707 1029 1741 τα
1067 1682 1517 1757 βεβουλευμένα,
1558 1680 1630 1755 ἦν
1675 1708 1778 1745 κως
1815 1682 1950 1761 δύνῃ

351 1766 669 1848 αναγνῶσαι
728 1767 1085 1845 Εὐρυβιάδεα
1147 1767 1735 1844 μεταβουλεύσασθαι,
1805 1769 1950 1829 ὥστε

256 1858 335 1915 85
352 1854 524 1914 αυτοῦ
548 1856 779 1932 μενέειν.
779 1854 833 1907 ’'.
892 1854 1091 1933 Καρτα
1119 1856 1186 1931 δή
1213 1860 1290 1934 τῷ
1316 1854 1755 1934 Θεμιστοκλέῖ”
1717 1882 1888 1935 ηρεσε
1911 1857 1950 1934 ἦ

352 1941 627 2018 ὑποθήκη·
654 1950 659 1954 ’
684 1943 776 2002 καὶ
822 1941 979 2003 οὐδὲν
1018 1941 1163 2019 πρὸς
1207 1945 1386 2003 ταῦτα
1431 1942 1821 2023 ἀμειψάμενος,
1863 1943 1950 2021 ἤϊε

352 2030 443 2088 ἐπὶ
483 2029 587 2105 τὴν
628 2032 735 2105 νῆα
776 2028 883 2104 τήν
923 2028 1302 2107 Εὖρυβιάδεω·
1361 2030 1692 2108 ἀπικόμενος
1743 2032 1805 2091 δὲ
1839 2033 1949 2108 ἔφη

358 2118 542 2178 θέλειν
574 2120 630 2177 οἱ
662 2116 845 2177 κοινόν
878 2142 935 2176 τι
970 2122 1206 2199 πρῆγμα
1233 2118 1528 2195 συμμίξαι·
1569 2116 1604 2179 ό
1630 2118 1678 2179 δ’
1703 2118 1872 2179 αὐτᾶν
1897 2126 1952 2183 ἐς

349 2204 455 2282 τήν
480 2210 587 2283 νῆα
612 2206 833 2265 ἐκέλευε
852 2205 1110 2281 ἐσβάντα
1135 2206 1322 2287 λέγειν
1349 2208 1400 2265 εἴ
1422 2232 1478 2265 τι
1505 2208 1678 2267 θέλει·
1715 2209 1950 2268 ἐνθαῦτα

350 2294 385 2355 6
424 2295 843 2373 Θεμιστοκλέης
873 2293 1245 2371 παριζόμενός
1285 2297 1340 2353 οἱ
1365 2296 1673 2376 ’καταλέγει
1705 2295 1856 2355 κεῖνά
1890 2322 1951 2356 τε

352 2382 533 2443 πάντα
572 2381 643 2443 ταῖ
682 2382 891 2459 ἤκουσε
932 2382 1327 2457 Μνησιφίλου,
1372 2386 1572 2443 ἑωυτοῦ
1611 2382 1948 2459 ποιεύμενος,

354 2470 447 2530 καὶ
470 2470 625 2529 ἄλλα
658 2469 855 2529 πολλσῖ
882 2470 1227 2546 προστιθείς·
1270 2475 1326 2532 ἐς
1351 2468 1385 2529 ὃ
1411 2468 1692 2551 οἷνέγνωσε
1716 2472 1954 2550 χρηΐζων

352 2559 410 2617 ἔκ
435 2584 498 2618 τε
522 2562 623 2634 τῆς
648 2557 779 2634 νηός
804 2559 1042 2633 ἐκβῆναι
1068 2557 1346 2627 συλλέξαι
1369 2582 1430 2615 τε
1456 2557 1586 2620 τοῦς
1605 2558 1954 2638 στρατηγούς

257 2649 332 2705 59
354 2650 408 2708 ἐς
442 2646 509 2705 τὰ
544 2646 853 2723 συνέδριον.
932 2645 1032 2708 Ὣς
1060 2645 1122 2703 δὲ
1145 2642 1254 2721 ἄρα
1279 2646 1722 2724 συνελέχθησαν,
1751 2648 1884 2723 πρὶν
1919 2646 1952 2721 ἦ

352 2732 452 2790 τόν
497 2731 851 2807 Εὐρυβιάδεα
892 2733 1182 2809 προθεῖναι
1233 2731 1336 2791 τόν
1387 2731 1564 2813 λόγον
1614 2737 1724 2792 τῶν
1777 2734 1953 2792 εἵνεκα

352 2817 637 2897 συνήγαγε
654 2820 784 2882 τοῦς
810 2818 1178 2899 στρατηγούς,
1199 2818 1378 2881 πολύς
1397 2819 1468 2895 ἦν
1487 2818 1519 2879 ὅ
1539 2821 1952 2895 Θεμιστοκλέης

354 2908 413 2963 ἐν
450 2908 603 2963 τοῖσι
641 2903 885 2985 λόγοισι,
914 2905 1005 2964 οἷα
1041 2904 1220 2981 κάρτα
1259 2904 1535 2981 δεόμενος·
1590 2907 1856 2987 λέγοντος
1891 2909 1952 2967 ’δὲ

352 2988 539 3059 αυτοῦ,
566 2989 599 3050 ὁ
626 2992 923 3067 Κορίνθιος
942 2992 1259 3071 στρατηγὸς
1276 2990 1692 3066 Ἀδείμαντος“
1659 3020 1692 3052 ο
1719 2992 1951 3054 Ὠκύτου

354 3076 492 3134 ειπε·
554 3086 591 3112 “
608 3103 653 3133 ω
688 3076 1113 3167 Θεμιστόκλεες,
1149 3083 1208 3135 ἐν
1241 3082 1397 3137 τοῖσι
1431 3077 1615 3157 ἄγωσι
1643 3084 1698 3139 οἱ
1722 3082 1950 3227 προεξαέ

359 3161 679 3235 νιστάμενοι
704 3138 1078 3234 ῥαπίζονταιῬ
1121 3160 1153 3218 ὁ
1181 3163 1241 3220 δε
1266 3162 1649 3237 ἀπολυόμενος
1676 3167 1805 3240 ἔφη·
1821 3200 1824 3203 -
1849 3178 1930 3227 “o

262 3246 336 3302 60
356 3245 416 3301 δέ
460 3269 525 3322 γε
580 3244 1108 3322 ἐγκαταλειπόμενοι
1159 3246 1225 3304 οὖ
1277 3252 1699 3320 στεφανεῦνται.
1701 3250 1732 3269 ”
1813 3253 1950 3311 Τότε
