2192 3409
317 68 414 115 εει
928 65 1294 115 ἭΡοΔοΤοΤ
1735 60 1918 131 [vm.

229 188 239 198 κ
315 150 469 206 τοῖσι
501 144 737 254 λόγοισι
776 170 849 205 τα
886 146 1021 226 ἔργα
1064 144 1404 222 πειρώμενον
1441 142 1630 221 ὄμοῖα.
1710 145 1916 223 ταύτην

316 236 420 310 μὲν
448 232 551 308 τήν
577 232 791 309 ἡμέρην
824 238 879 295 ἐς
911 236 1156 293 τοσοῦτο
1190 233 1420 313 ἐγίνετο·
1471 235 1574 308 τῆς
1608 232 1669 292 δὲ
1704 234 1914 302 νυκτός,

322 321 689 383 κελεύσαντος
721 321 999 395 βασιλέος
1024 319 1126 422 τοῖς
1152 324 1287 396 νῆας
1313 323 1367 379 οἱ
1394 320 1702 401 στρατηγοὶ
1729 326 1790 381 ἐκ
1815 324 1918 381 τοῦ

317 409 583 488 Φαλήρου
636 407 857 489 ἆπῆγον
898 408 1080 468 ὀπίσω
1105 412 1177 472 ’ἐς
1216 433 1318 468 τον
1354 403 1809 484 Ἑλλήσποντον,
1847 408 1917 473 ὥς

324 496 513 576 τάχεος
542 496 714 575 ἄχε’
688 521 935 569 εκαστος,
962 496 1417 572 διαφυλαξούσας
1435 494 1536 558 τοὶς
1561 494 1790 574 σχεδίας
1815 522 1916 555 πο-

317 585 581 661 ρευθῆναι
616 584 877 659 βασιλέϊ.
948 586 1067 644 ἐπεὶ
1108 584 1168 643 δὲ
1210 582 1390 664 ἀγχοῦ
1429 580 1580 660 ἦσαν
1619 586 1918 661 Ζωστῆρος

314 670 597 733 πλώοντες
632 674 685 731 οἶ
716 669 1027 749 βάρβαροι,
1066 672 1414 733 ἀνατείνουσι
1444 670 1556 752 γὰρ
1593 670 1757 747 ἄκραι
1781 675 1914 732 λεπι-

314 758 409 817 ταὶ
446 761 547 834 τῆς
586 758 834 835 ἠπείρου,
877 758 1080 823 ταύτας
1121 758 1314 828 ἔδοξάν
1349 784 1414 817 τε
1451 762 1588 835 νῆας
1627 757 1780 830 εἶναι,
1825 762 1917 819 καὶ

318 846 553 927 ἔφευγον
593 847 685 907 ἐπὶ
710 846 949 907 πολλόν·
992 846 1174 927 χρόνῳ
1201 847 1262 905 δὲ
1285 845 1562 923 μαθόντες
1585 844 1673 905 ὅτι
1699 843 1766 904 ού
1791 849 1918 921 νῆες

318 933 425 994 εἶεν
444 934 575 993 ἀλλ’
604 934 783 1011 ἄκραι,
812 936 1220 1013 συλλεχθέντες
1245 934 1583 1010 ἐκομίζοντο.

226 1024 338 1081 108
420 1020 518 1085 Ὦς
545 1022 605 1081 δὲ
630 1022 809 1099 ἡμέρη
839 1022 1071 1103 ἐγένετο,
1101 1022 1352 1100 ὁρέοντες
1375 1024 1430 1081 οἱ
1458 1020 1735 1097 Ἕλληνες
1775 1020 1930 1081 κατὰ

322 1108 509 1188 χῶρην
544 1110 783 1187 μένοντα
816 1110 915 1169 τόν
942 1109 1191 1187 στρατὸν
1223 1110 1322 1169 τᾶν
1347 1110 1532 1180 πεζόν,
1559 1108 1798 1185 ἤλπιζον
1825 1110 1918 1169 καὶ

314 1197 415 1260 τὰς
440 1201 578 1273 νῆας
605 1197 743 1257 εἶναι
762 1197 890 1275 περὶ
910 1196 1192 1274 Φάληρον·
1221 1196 1439 1257 ἐδόκεόν
1455 1222 1517 1255 τε
1537 1196 1920 1275 ναυμαχήσειν

257 1362 263 1367 ·
314 1286 519 1361 σφέας,
560 1285 939 1363 παραρτέοντό
983 1311 1046 1345 τε
1093 1284 1166 1349 οἷς
1211 1283 1635 1362 ἀλεξησόμενοι·
1695 1285 1814 1343 ἐπεὶ
1858 1285 1918 1343 δὲ

318 1371 587 1432 ἐπύθοντο
628 1373 729 1437 τὰς
772 1378 909 1449 νῆας
956 1374 1262 1451 οἰχωκυίας,
1305 1371 1501 1431 αὐτίκα
1552 1372 1694 1448 μετὰ
1742 1376 1916 1432 ταῦτα

320 1459 502 1519 ἐδόκεε
537 1459 857 1520 ἐπιδιώκειν·
898 1458 999 1520 τᾶν
1028 1461 1134 1537 μέν
1169 1486 1266 1520 νυν
1297 1458 1554 1519 ναυτικὸν
1577 1458 1677 1519 τᾶν
1703 1459 1917 1536 Ξέρξεω

322 1572 567 1623 στρατον
595 1546 695 1605 ούκ
724 1548 941 1607 ἐπεῖδον
976 1544 1264 1617 διώξαντες
1293 1546 1462 1625 μέχρι
1485 1545 1744 1621 Ἀνδρου,
1779 1552 1833 1609 ἐς
1861 1548 1919 1605 δὲ

318 1634 423 1708 τὴν
429 1632 727 1711 Ἀνδρον’
692 1635 1019 1711 απικόμενοι
1039 1633 1429 1711 ἐβουλεύοντο.
1465 1635 1920 1717 Θεμιστοκλέης

322 1718 435 1795 μέν
454 1746 551 1779 νυν
575 1721 800 1801 γνώμην
826 1722 1198 1792 ἀπεδείκνυτο,
1221 1721 1311 1780 δια
1333 1710 1520 1797 νήσων
1541 1720 1920 1797 τραπομένους

322 1807 413 1867 καὶ
462 1807 852 1879 ἐπιδιωξαντας
891 1835 992 1872 τας
1032 1813 1191 1885 νῆας.
1208 1808 1418 1868 πλώειν
1473 1808 1626 1871 ἰθέως
1677 1809 1768 1867 ἐπὶ
1819 1834 1920 1869 τον

323 1894 771 1971 Ἑλλήσποντον,
804 1895 1083 1959 λύσοντας
1117 1896 1220 1960 τσῖς
1253 1896 1521 1977 γεφύρας·
1567 1894 1920 1972 Εὐρυβιάδης

320 1982 382 2041 δὲ
413 1982 517 2058 τήν
554 1984 803 2059 ἐναντίην
838 1983 1011 2063 ταύτῃ
1037 1984 1263 2065 γνώμην
1290 1984 1515 2056 ἐτίθετο,
1547 1983 1743 2063 λέγων,
1773 1982 1844 2046 ὥς
1873 1988 1921 2043 εἰ

321 2068 568 2151 λύσουσι
617 2069 725 2133 vd«,-
772 2070 1015 2150 σχεδίας,
1058 2072 1208 2132 τοῦτ’
1261 2069 1330 2131 ἂν
1381 2072 1654 2150 μέγιστον
1703 2069 1921 2131 πάντων

320 2162 491 2235 σφεῖς
526 2158 696 2219 κακόν
729 2159 833 2235 τὴν
858 2158 1113 2219 Ἑλλαδα
1151 2158 1503 2239 ἐργάσαιντο·
1547 2162 1595 2217 εἰ
1618 2184 1728 2238 γαρ
1755 2156 1921 2239 ἀναγ-

322 2248 558 2323 κασθείη
572 2245 1021 2325 ἀπολαμφθεὶς“
990 2273 1021 2306 ο
1043 2248 1274 2324 Πέρσης
1289 2246 1472 2323 μένειν
1493 2250 1552 2305 ἐν
1568 2270 1640 2323 τῃ
1614 2243 1920 2325 “Εύρῶπῃ,

324 2340 561 2415 πειρῷτο
601 2333 671 2394 αν
716 2334 959 2415 ἡσυχίην
1000 2334 1081 2411 μὴ
1126 2358 1298 2445 αγειν·
1359 2360 1434 2397 ως
1477 2332 1669 2414 ἄγοντι
1712 2333 1818 2409 μέν
1871 2336 1923 2393 οἶ

321 2422 579 2500 ἦσυχιην,
636 2448 762 2482 ουτε
814 2448 869 2481 τι
922 2446 1261 2500 προχωρεειν
1315 2420 1432 2481 οἶόν
1485 2446 1547 2481 τε
1601 2422 1762 2479 ἔσται
1813 2425 1924 2480 τῶν

321 2509 676 2589 πρηγμάτων,
714 2508 841 2569 οὔτε
885 2534 969 2572 τις
1012 2508 1212 2585 κομιδη
1255 2508 1322 2568 τὰ
1365 2507 1548 2569 ὀπίσω
1591 2507 1923 2585 φανήσεται,

322 2600 471 2673 λιμῷ
522 2597 589 2655 τέ
632 2600 687 2656 οἱ
723 2597 763 2673 ἦ
804 2596 1045 2675 στρατιὴ
1086 2596 1503 2673 διαφθαρέεται·
1559 2596 1926 2675 ἐπιχειρέοντι

322 2681 383 2738 δὲ
424 2680 571 2759 αύτῷ
613 2685 704 2742 καὶ
756 2685 919 2765 ἔργου
964 2684 1225 2763 ἐχομένῳ,
1269 2682 1453 2743 πάντα
1496 2708 1572 2743 τα
1621 2708 1764 2743 κατα
1817 2709 1926 2759 την

322 2765 596 2844 Εύρῶτι-ην
624 2770 715 2829 οἶα
738 2798 800 2829 τε
826 2772 985 2831 ἔσται
1020 2774 1431 2849 προσχωρῆσαι
1467 2796 1610 2830 κατα
1634 2770 1840 2834 πόλιάς
1864 2782 1929 2831 τε

326 2854 417 2911 καὶ
454 2878 594 2913 κατα
626 2856 864 2927 εθνεα,”
826 2884 951 2933 ητοι
986 2857 1371 2935 ἅλισκομένων
1397 2884 1465 2941 γε
1499 2857 1538 2935 ἢ
1573 2858 1684 2935 πρό
1724 2858 1930 2918 τούτου

324 2939 759 3021 ὁμολογεόντων·
807 2944 1026 3019 τροφήν
1064 2970 1129 3004 τε
1165 2945 1304 3014 ἕξειν
1341 2948 1526 3021 σφέας
1551 2972 1650 3006 τον
1679 2946 1928 3006 ἐπέτειον

326 3026 432 3083 αἰεὶ
464 3032 575 3086 τῶν
608 3028 897 3105 Ἑλλήνων
932 3031 1164 3107 καρπόν·
1205 3030 1360 3090 ἄλλα
1393 3032 1600 3093 δοκέειν
1634 3033 1746 3114 γοῖρ
1777 3059 1928 3109 νικη-

329 3110 493 3168 θέντα
530 3118 602 3190 τῇ
641 3117 918 3193 ναυμαχίῃ
959 3116 1023 3175 ού
1062 3119 1275 3193 μενέειν
1317 3122 1375 3177 ἐν
1419 3123 1502 3197 τῇ
1531 3119 1774 3199 Εύρῶπῃ
1827 3122 1932 3181 τὸν

329 3194 575 3267 Πέρσεα·
618 3204 805 3258 ἐατέον
838 3226 911 3259 ων
926 3200 1084 3261 εἶναι
1119 3204 1345 3283 φεύγειν
1381 3210 1436 3268 ἐς
1471 3205 1503 3265 ὃ
1535 3207 1673 3285 ἔλθῃ
1701 3206 1932 3289 φεύγων
