2192 3409
283 86 498 153 ἰε-49]
629 82 634 85 ’
878 88 1283 138 ΤΕΡΨΙΧΟΡΗ.
1821 84 1882 137 21

278 166 523 248 ταγόρης
551 166 708 249 ἔλεγε
734 166 876 245 πρός
901 166 1069 227 αὐτὸν
1095 166 1247 225 τάδε·
1289 176 1324 201 “
1343 164 1679 243 Κλεόμενες,
1706 190 1883 225 σπου-

280 255 382 331 δὴν
405 257 510 332 μὲν
533 254 636 331 τήν
672 257 813 331 ἐμήν
838 254 918 332 μή
945 254 1213 333 θωμάσῃς
1238 258 1340 331 τῆς
1372 254 1609 315 ε’νθαΰτα
1644 252 1883 323 ἀπίξιος·

279 342 352 402 ταῖ
403 342 514 423 γοὶρ
561 341 872 419 κατήκοντοῖ
920 346 1044 403 ε’στι
1089 346 1339 403 τοιαῦτα.
1436 340 1631 402 Ἰώνων
1684 340 1887 403 παῖδας

281 430 515 495 δούλους
556 430 694 491 εἶναι
733 427 850 491 ἄντ’
878 431 1181 507 ἐλευθέρων
1213 428 1419 493 ὄνειδος
1448 430 1541 487 καὶ
1578 427 1753 509 ἄλγος
1787 428 1884 504 μέ·-

280 543 482 597 γιστον
521 520 625 595 μὲν
665 518 890 579 αὐτοῖσι
929 518 1080 595 ἡμῖν,
1125 519 1205 579 ἔτι
1244 518 1304 578 δὲ
1342 520 1453 578 τῶν
1487 520 1702 577 λοιπῶν
1734 515 1883 592 ὑμῖν,

279 604 400 685 ὅσῳ
441 607 756 682 προέστατε
794 610 897 681 τῆς
935 599 1231 669 Ἑλλάδος.
1317 608 1414 665 νῦν
1447 602 1535 675 ὧν,
1568 603 1711 681 πρός
1742 604 1883 663 θεῶν

279 696 390 752 τῶν
439 692 766 769 Ἑλληνίων,
817 691 1077 771 ῥύσασθε
1134 692 1329 757 Ἴωνας
1396 696 1458 751 ἐκ
1525 692 1883 767 δουλοσύνης,

281 778 484 857 ἄνδρας
517 780 846 858 ὁμαίμονας.
931 780 1197 844 εὖπετέως
1235 780 1295 839 δὲ
1324 779 1457 857 ύμῖν
1486 782 1663 840 ταῦτα
1694 778 1787 839 οἷα
1818 804 1885 839 τε

279 867 507 945 χωρέειν
542 870 684 929 ε’στί·
743 868 870 928 οὔτε
904 868 1014 949 γὰρ
1053 871 1107 927 οἱ
1147 866 1441 945 βάρβαροι
1482 866 1716 945 ἅλκιμοί
1753 870 1883 938 εἰσι,

281 954 436 1029 ὑμεῖς
465 981 528 1015 τε
557 954 630 1016 ‘ni
664 960 721 1019 ἐς
756 955 858 1016 τόν
889 954 1141 1033 πόλεμον
1174 960 1228 1018 ἐς
1266 954 1337 1015 ταῖ
1372 955 1617 1035 μέγιστα
1644 953 1885 1030 ἀνήκετε

281 1041 482 1118 οἷρετῆς
506 1044 653 1120 πέρι·
693 1042 731 1120 ἥ
756 1068 819 1113 τε
843 1043 1002 1122 μάχη
1029 1042 1212 1103 αὐτῶν
1240 1042 1363 1103 ἐστὶ
1394 1041 1597 1118 τοιήδε,
1623 1041 1763 1112 τόξα
1788 1042 1883 1101 καὶ

281 1130 460 1207 αἰχμή
501 1132 746 1210 βραχέα·
795 1130 1122 1209 ἀναξυρίδας
1162 1131 1222 1190 δὲ
1270 1132 1487 1210 ἔχοντες
1532 1132 1785 1209 ἔρχονται
1827 1135 1883 1193 ἐς

280 1216 382 1279 τοῖς
404 1216 592 1297 μάχας
623 1218 717 1277 καὶ
754 1219 1068 1295 κυρβασίας
1100 1218 1199 1279 ἐπὶ
1223 1222 1361 1297 τῇσι
1387 1221 1695 1298 κεφαλῇσι·
1738 1217 1882 1277 οὕτω

283 1304 530 1370 εὐπετέες
563 1306 902 1385 χειρωθῆναί
929 1310 1058 1367 εἶσι.
1142 1308 1265 1367 ἔστι
1296 1306 1356 1365 δὲ
1392 1306 1483 1365 καὶ
1518 1304 1704 1386 ἀγαθοὶ
1730 1308 1882 1365 τοῖσι

281 1392 385 1467 τήν
423 1391 654 1471 ἤπειρον
678 1395 907 1470 -ἐκείνην
953 1395 1327 1471 νεμομένοισι,
1382 1393 1496 1454 ὅσα
1548 1391 1672 1453 σῦδὲ
1726 1396 1882 1453 τοῖσι

282 1481 571 1541 συνάπασι
611 1480 866 1541 ἄλλοισι·
907 1480 1020 1541 α’πό
1051 1486 1269 1560 χρυσοῦ
1300 1481 1681 1559 ἀρξαμένοισι,
1698 1478 1880 1562 ἄργυ-

279 1594 376 1644 ρος
409 1570 502 1627 καὶ
531 1568 748 1647 χαλκὸς
786 1569 878 1628 καὶ
915 1568 1090 1645 ε’σθης
1126 1570 1357 1646 ποικίλη
1391 1569 1483 1674 καὶζ
1513 1568 1785 1649 ὑποζύγιά
1817 1594 1881 1629 τε

281 1655 376 1713 καὶ
400 1654 739 1732 ἀνδράποδα·
772 1682 846 1715 τα
871 1656 1026 1737 θυμῶ
1043 1656 1388 1765 βουλόμενοι
1413 1654 1573 1717 αὐτοὶ
1592 1654 1660 1717 ἂν
1680 1658 1878 1735 ἔχοιτε.

281 1743 633 1820 κατοίκηνται
673 1744 733 1803 δὲ
773 1742 1044 1830 ἀλλήλων
1087 1734 1358 1822 ε’χόμενοι,
1398 1744 1470 1807 ὥς
1512 1743 1619 1825 ἔγῶ
1656 1744 1879 1823 φράσω.

279 1826 476 1891 Ἰώνων
512 1834 617 1908 μὲν
654 1831 826 1893 τῶνδε
867 1831 981 1891 οἵδε
1027 1831 1219 1901 Λυδοὶ,
1267 1832 1535 1895 οἰκέοντές
1586 1857 1649 1892 τε
1692 1832 1881 1911 χώρην

281 1916 500 1998 αγαθην
545 1920 639 1979 καὶ
676 1919 1217 2032 πολυαργυρώτατοι
1260 1918 1457 1983 ε’όντες·
1458 1918 1491 1939 ”
1559 1919 1767 1983 δεικνύς
1820 1920 1881 1979 δὲ

282 2005 439 2087 ἔλεγε
463 2011 640 2068 ταῦτα
665 2012 720 2071 ἐς
743 2012 845 2082 τῆς
868 2011 975 2089 γῆς
998 2006 1104 2082 τήν
1139 2006 1395 2083 περίοδον
1426 2032 1531 2083 την
1558 2008 1789 2085 ἐφέρετο
1822 2012 1882 2066 ἐν

279 2096 354 2170 τῷ
387 2094 579 2153 πίνακι
611 2094 1031 2170 ἐντετμημένην·
1083 2104 1120 2129 “
1138 2093 1331 2154 Λυδῶν
1370 2092 1477 2165 δὲ,”
1506 2095 1615 2171 ἔφη
1642 2093 1879 2176 λέγων’
1846 2121 1878 2154 ο

279 2178 700 2263 Ἀρισταγόρης,
728 2182 885 2240 ((οἵδε
907 2181 1127 2261 ἔχονται
1152 2180 1381 2263 Φρύγες,
1404 2184 1459 2242 οἱ
1484 2182 1625 2259 πρός
1648 2182 1752 2257 τὴν
1775 2181 1877 2257 ήῶ,

279 2268 860 2345 πολυπροβατώτατοι
895 2294 956 2328 τε
991 2267 1173 2332 ε’όντες
1198 2268 1457 2330 ἁπάντων
1480 2272 1591 2330 τῶν
1618 2268 1727 2350 ἐγώ
1754 2268 1879 2327 οἶδα

280 2356 370 2414 καὶ
409 2353 918 2433 πολυκαρπότατοι.
1001 2360 1233 2437 Φρυγῶν
1273 2356 1333 2415 δὲ
1374 2358 1595 2434 ἔχονται
1636 2362 1879 2416 Καππα-

279 2443 454 2517 δόκαι,
495 2444 626 2509 τούς
669 2443 830 2521 ἡμεῖς
883 2445 1115 2522 Συρίους
1158 2446 1451 2521 καλέομεν·
1512 2442 1767 2519 τούτοισι
1819 2444 1880 2504 δὲ

277 2532 586 2609 πρόσουροι
617 2538 864 2603 Κιλικες,
892 2532 1223 2609 κατήκοντες
1258 2534 1351 2593 ε’πὶ
1384 2530 1689 2594 θάλασσαν
1702 2533 1878 2609 τήνδε

278 2623 336 2678 ἐν
373 2616 413 2697 ᾗ
453 2619 551 2695 ἥδε
593 2620 821 2697 Κύπρος
868 2623 1042 2695 νῆσος
1082 2620 1283 2680 κέεται·
1326 2620 1380 2680 οἳ
1408 2620 1753 2682 πεντακόσια
1780 2620 1877 2682 τά·

277 2710 456 2767 λαντα
479 2708 722 2785 βασιλέϊ
744 2708 844 2769 τόν
876 2708 1121 2767 ἐπέτειον
1148 2706 1329 2786 φόρον
1355 2712 1694 2769 ἐπιτελεῦσι.
1775 2716 1878 2769 Κι-

276 2796 445 2854 λίκων
488 2796 548 2855 δὲ
590 2796 759 2856 τῶνδε
813 2796 1050 2881 ἔχονται
1077 2794 1361 2873 Ἀρμένιοι
1404 2796 1537 2866 οἶδε,
1582 2797 1675 2856 καὶ
1723 2794 1877 2857 οὗτοι

276 2881 456 2947 ἐόντες
473 2883 926 2961 πολυπρόβατοι.
967 2882 1272 2960 Ἀρμενίων
1292 2882 1353 2941 δὲ
1372 2884 1669 2959 Ματιηνοὶ,
1689 2881 1878 2993 χώρην

273 2969 490 3045 τήνδε”
461 2996 697 3049 εχοντες.
781 2972 965 3049 ἔχεται
990 2970 1050 3030 δε
1075 2969 1286 3030 τούτων
1308 2974 1384 3050 γῆ
1412 2968 1511 3045 ἥδε
1537 2969 1778 3043 Κισσίη·
1809 2974 1867 3029 ἐν

273 3062 344 3135 τῇ
371 3057 439 3133 δή
465 3058 618 3134 παρὰ
643 3059 898 3135 ποταμόν
920 3058 1081 3119 τόνδε
1108 3055 1389 3133 Χοάσπην
1415 3053 1638 3132 κείμενοῖ
1663 3058 1785 3115 ε’στι
1804 3056 1875 3116 τσῖ

275 3145 471 3213 Σοῦσα
483 3150 675 3217 ταῦτα,
694 3148 826 3205 ἔνθα
839 3144 1120 3221 βασιλεύς
1134 3168 1197 3203 τε
1212 3144 1387 3223 μέγας
1404 3142 1619 3201 δίαιταν
1631 3142 1876 3201 ποιέεται

275 3232 372 3360 ccclx}
382 3235 494 3360 τιέἓν
511 3232 812 3313 χρημάτων
838 3236 892 3293 οἱ
918 3230 1195 3307 θησαυροὶ
1214 3227 1449 3290 ἐνθαῦτά
1471 3231 1601 3289 εἰσι.
1656 3228 1875 3293 ἑλόντες
