2192 3409
293 83 506 148 79—82]
903 78 1280 132 KAAAIonE.
1790 88 1885 134 319

293 163 482 226 κλίνας
510 189 573 222 τε
607 161 941 240 ἐπιχρυσους
985 163 1078 222 καὶ
1120 161 1476 242 ἐπαργυρους,
1516 163 1791 240 κρητῆράς
1824 187 1889 224 τε

288 251 579 328 χρυσέους,
607 249 698 307 καὶ
736 248 946 325 φιάλας
976 275 1041 312 τε
1080 251 1173 309 καὶ
1208 248 1362 308 ἄλλα
1394 249 1709 330 ἐκπώματα
1750 250 1887 310 σάκ-

291 363 418 401 κους
470 363 532 396 τε
587 335 671 396 ἐπ’
714 331 968 413 ἁμαξέων
1023 337 1295 414 εὕρισκον,
1352 342 1411 397 ἐν
1432 339 1608 398 «roto-1.
1648 339 1887 446 λέβητες

291 426 638 501 ἑφαίνοντο’
613 423 852 486 ενεόντες
879 425 1117 505 χρύσεοί
1147 450 1208 484 τε
1244 425 1337 484 καὶ
1372 424 1648 506 ἀργύρεοι·
1690 424 1803 486 ἀπό
1826 450 1890 485 τε

289 516 398 572 τῶν
427 512 684 589 κειμένων
711 515 914 587 νεκρῶν
943 511 1245 572 ἐσκύλευον
1270 512 1444 590 ψέλιά
1474 539 1535 573 τε
1563 512 1654 588 καὶ
1685 537 1885 592 στρεπ-

289 598 430 672 τούς,
489 598 580 658 καὶ
631 597 759 663 τούς
813 597 1115 668 οἶκινάκεας,
1172 598 1359 662 ἐόντας
1411 600 1705 681 χρυσέαυςε,
1771 600 1891 676 ἐπεὶ

291 686 530 763 ἐσθῆτός
567 713 636 769 γε
675 687 932 762 ποικίλης
975 686 1146 766 λόγος
1201 688 1409 767 ἐγίνετο
1450 687 1580 747 οὐδὲ
1632 687 1725 766 εἷς.
1808 693 1889 748 ἐν·

291 775 468 834 θαῦτα
513 773 707 833 πολλα
751 776 856 850 μὲν
904 774 1235 836 κλέπτοντες
1282 774 1527 834 ἐπώλεον
1572 774 1713 852 πρὸς
1761 800 1892 846 τρυς

289 861 588 942 Αἰγινήτας
630 864 683 920 οἱ
724 862 960 931 εἵλωτες,
1001 860 1198 920 πολλὰ
1245 861 1304 918 δὲ
1344 861 1437 919 καὶ
1476 861 1889 932 ἀπεδείκνυσαν,

289 946 402 1006 ὅσα
429 948 632 1013 αυτέων
661 974 760 1008 ουκ
795 947 884 1008 οἶοί
919 973 981 1008 τε
1013 946 1084 1023 ἦν
1120 946 1342 1025 κρύψαι·
1385 945 1532 1006 ὥστε
1558 948 1891 1028 Αἰγινήτῃσι

291 1037 344 1092 οἱ
369 1035 609 1115 μεγάλοι
640 1039 878 1096 πλοῦτοι
915 1034 1094 1113 ἀρχὴν
1134 1036 1381 1094 ἐνθεῦτεν
1418 1034 1689 1115 ἐγένοντο,
1712 1033 1769 1094 οἳ
1791 1060 1891 1096 τον

288 1121 520 1198 χρυσόν,
551 1121 649 1181 ἅτε
676 1117 837 1182 ἐόντα
861 1119 1082 1201 χαλκόν
1111 1121 1291 1197 δῆθεν,
1314 1121 1466 1199 παρὰ
1490 1125 1600 1182 τῶν.
1628 1123 1892 1182 εἱλωτέων

291 1207 540 1268 ὠνέοντο.
625 1209 1104 1287 Συμφορῆσαντες
1130 1209 1190 1268 δὲ
1217 1210 1287 1268 τοὶ
1312 1209 1591 1288 χρήματα,
1620 1209 1711 1268 καὶ
1738 1209 1890 1268 δεκά-
1906 1211 1981 1270 81

289 1321 391 1370 την
419 1295 698 1364 ἐξελόντες
729 1301 806 1374 τῷ
843 1288 900 1360 ἐν
929 1300 1220 1371 Δελφοῖσι
1248 1298 1368 1374 θεῷ,
1397 1296 1491 1356 ἀπ’
1516 1294 1586 1372 ἧς
1611 1296 1643 1356 ό
1666 1298 1889 1373 τρίπους

292 1381 324 1441 ὅ
356 1382 594 1460 χρύσεος
627 1381 872 1459 ἀνετέθη,
903 1383 933 1444 ὁ
972 1383 1062 1442 ἐπὶ
1098 1387 1199 1442 τοῦ
1238 1382 1567 1466 τρικαρήνου
1598 1383 1761 1459 ὄφιος
1785 1389 1887 1444 τοῦ

289 1471 535 1548 χαλκέου
578 1468 850 1536 ἐπεστεῶς
891 1469 1139 1551 ἄγχιστα
1178 1475 1281 1530 τοῦ
1318 1473 1538 1548 βωμοῦ·
1586 1471 1678 1530 καὶ
1716 1473 1793 1550 τῷ
1832 1475 1891 1530 ἐν

290 1554 577 1635 Ὀλυμπίῃ
611 1557 716 1636 θεῷ
753 1557 1049 1628 ἐξελόντες,
1077 1555 1237 1616 ‹in-’¹'
1200 1583 1267 1638 ης
1302 1557 1615 1639 δεκάπηχυν
1647 1558 1893 1636 χάλκεον

293 1644 405 1703 Δία
441 1644 730 1720 ἀνέθηκαν·
777 1645 868 1704 καὶ
903 1649 979 1723 τῷ
1015 1651 1072 1705 ἐν
1107 1644 1319 1724 Ἰσθμῷ
1356 1647 1475 1724 θεῷ,
1506 1643 1599 1706 ἀπ’
1625 1642 1691 1721 ἧς
1730 1644 1891 1704 ἑπτά-

291 1757 471 1810 πηχυς
483 1731 725 1809 χάλκεος
740 1732 1059 1796 Ποσειδέων
1077 1733 1371 1814 ἐξεγένετο·
1398 1737 1575 1795 ταῦτα
1595 1733 1891 1806 ἐξελόντες,

289 1818 361 1878 ταῖ
398 1819 572 1878 λοιπὰ
614 1819 934 1898 διαιρέοντο,
969 1819 1060 1880 καὶ
1099 1821 1311 1897 ἔλαβον
1350 1822 1576 1884 ἔκαστοι
1601 1825 1710 1883 τῶν
1744 1819 1893 1890 ἄξιοι

289 1904 454 1980 ἦσαν,
505 1908 598 1966 καὶ
649 1907 748 1971 τοὶς
799 1907 1099 1975 παλλακαῖς
1150 1912 1261 1969 τῶν
1312 1913 1595 1987 Περσέων,
1650 1909 1741 1968 καὶ
1790 1909 1891 1970 τόν

289 1994 519 2072 χρυσόν,
550 1996 640 2054 καὶ
666 1995 766 2059 τόν
802 1995 1058 2077 ἄργυρον,
1101 1996 1193 2056 καὶ
1230 1994 1383 2058 ἄλλα
1412 1997 1674 2078 χρήματά
1707 2023 1771 2058 τε
1796 1998 1889 2057 καὶ

289 2081 572 2164 ὑποζύγια.
661 2083 772 2147 ὅσα
798 2086 903 2161 μέν
928 2109 1024 2146 νυν
1058 2084 1309 2160 ἐξαίρετα
1339 2088 1491 2144 τοῖσι
1518 2083 1889 2161 ἀριστεύσασι

290 2168 495 2228 αὐτέων
523 2176 580 2230 ἐν
613 2175 948 2248 Πλαταιῇσι
981 2169 1162 2244 ἐδόθη,
1194 2169 1258 2228 οὖ
1299 2170 1523 2249 λέγεται
1553 2168 1693 2244 πρός
1732 2169 1889 2228 οὖδα-

289 2259 427 2329 μῶν·
457 2255 626 2328 δοκέω
652 2255 698 2312 δ’
721 2258 890 2336 ἔγωγε
918 2255 1010 2315 καὶ
1035 2253 1287 2313 τούτοισι
1314 2254 1562 2329 ὃοθῆναιτ
1590 2257 1889 2333 Παυσανίῃ

292 2341 351 2399 δὲ
371 2340 552 2400 πάντα
573 2341 704 2398 δέκα
727 2341 980 2416 ἐξαιρέθη
1007 2365 1068 2401 τε
1098 2339 1189 2410 καὶ
1216 2338 1397 2415 ἐδόθη,
1417 2343 1685 2422 γυναῖκες,
1710 2341 1887 2412 ἵπποι,

289 2427 554 2498 τάλαντα,
599 2425 856 2503 κάμηλοι,
900 2427 970 2491 ὃς
1009 2427 1069 2490 δὲ
1110 2426 1283 2490 αὕτως
1323 2427 1413 2486 καὶ
1452 2426 1524 2487 τὰ
1564 2426 1717 2490 ἄλλα
1756 2429 1892 2506 χρή-

291 2541 460 2592 ματα.
543 2515 780 2596 Λέγεται
821 2514 880 2574 δὲ
935 2515 1026 2580 καὶ
1063 2513 1196 2574 τάδε
1234 2515 1515 2595 γενέσθαι·
1570 2513 1643 2579 ὥς
1681 2515 1891 2591 Ξέρξης
1904 2519 1983 2578 82

295 2603 512 2684 φεύγων
540 2607 600 2662 ἐκ
634 2605 734 2677 τῆς
763 2600 1042 2666 Ἑλλάδος
1077 2602 1373 2682 Μαρδονίῳ
1408 2603 1513 2680 τὴν
1544 2602 1893 2678 κατασκευὴν

294 2692 594 2750 καταλίποι
632 2690 735 2765 τήν
777 2693 994 2750 ἑωυτοῦ·
1039 2692 1369 2774 Παυσανίην
1402 2689 1491 2764 ὧν,
1519 2689 1749 2768 όρέοντα
1787 2689 1891 2766 τήν

294 2778 616 2855 Μαρδονίου
669 2775 1016 2854 κατασκευὴν
1059 2781 1255 2856 χρυσῷ
1305 2803 1367 2840 τε
1406 2778 1499 2862 καὶ
1538 2776 1757 2859 α’ργῦρῳ
1798 2778 1891 2837 καὶ

296 2865 772 2942 παραπετάσμασι
797 2866 1113 2926 ποικίλοισι
1138 2867 1681 2944 κατασκευασμένην,
1707 2867 1891 2924 κελεῦ-

295 2978 394 3011 σαι
432 2953 560 3016 τούς
597 2979 660 3013 τε
699 2952 1040 3030 ἀρτοκόπους
1081 2953 1173 3012 καὶ
1224 2979 1353 3018 τους
1398 2954 1701 3036 ὀψοποιοὺς
1748 2979 1889 3014 κατα

295 3039 468 3100 ταῦτα
507 3040 686 3105 καθως
725 3041 1021 3122 Μαρδονίῳ
1061 3042 1282 3103 δεῖπνον
1319 3041 1778 3128 παρασκευάζειν·
1819 3067 1891 3104 ως

297 3127 356 3186 δὲ
410 3130 758 3208 κελευόμενοι
811 3156 966 3192 ουτοι
1008 3135 1127 3190 ἐπο·
1113 3131 1225 3192 ἐυν
1269 3135 1459 3207 ταῦτα,
1506 3132 1742 3194 ἐνθαῦτα
1785 3128 1885 3188 τόν

297 3217 642 3294 Παυσανίην,
674 3217 860 3278 ἰδόντα
891 3218 1082 3282 κλίνας
1111 3244 1173 3278 τε
1206 3217 1455 3298 χρυσέας
1490 3219 1582 3278 καὶ
1620 3215 1889 3292 ἀργυρέας
