2192 3409
18 0 259 91 ss

103 127 149 177 ll

285 100 357 164 18,
905 98 1269 151 ἮΡοΔοϊοτ
1788 98 1879 164 [V.

286 180 477 243 ναῖκας
511 179 649 259 ἔχων
680 179 778 240 δύο
811 177 966 248 διξὰς
1001 179 1184 243 ἱστίας
1214 178 1375 249 οἴκεε,
1402 179 1603 239 ποιέων
1636 177 1887 257 οὐδαμῶς

190 269 263 327 41
288 266 684 345 Σπαρτιητικά.
759 265 980 343 Χρόνου
1021 266 1082 325 δὲ
1123 264 1189 325 οὗ
1222 269 1447 327 πολλοῦ
1484 266 1815 340 διελθόντος,
1844 267 1884 345 ἤ

286 354 591 432 ἐσύστερον
623 354 947 420 ἐπελθοῦσα
971 353 1112 434 γυνή
1137 354 1309 413 τίκτει
1332 353 1432 415 τᾶν
1458 352 1528 429 δή
1556 356 1885 432 Κλεομένεα

284 445 501 501 τοῦτον·
553 440 646 500 καὶ
679 440 817 515 αὕτη
850 467 910 501 τε
943 441 1177 519 ἔφεδρον
1207 442 1463 517 βασιλέα
1496 440 1877 521 Σπαρτιήτῃσι

285 528 578 604 ἀπέφαινε,
615 529 708 587 καὶ
740 528 777 604 ἤ
809 528 1054 604 προτέρη
1089 527 1229 609 γυνὴ
1256 528 1355 588 τᾶν
1380 528 1654 607 πρότερον
1678 530 1883 609 χρόνον

283 615 482 680 ἄτοκος
533 618 707 675 ἐοῦσα
759 614 886 676 τότε
941 620 1048 678 κῶς
1106 615 1328 691 ἐκύησε,
1382 618 1654 696 συντυχίῃ
1706 617 1881 697 ταύτῃ

282 704 632 782 χρησαμένη.
675 704 918 783 ἔχουσαν
957 704 1018 763 δὲ
1057 702 1232 779 αύτήν
1270 702 1476 779 ἅληθέῖ
1504 704 1661 785 λόγῳ
1696 708 1751 765 οἶ
1780 710 1883 782 τῆς

285 790 632 867 ἐπελθούσης
663 790 920 871 γυναικός
950 789 1151 866 οἶκήῖοι
1184 791 1489 867 πυθόμενοι
1516 791 1746 872 ὤχλεον,
1772 794 1881 869 φά-

281 903 438 954 μενοι
463 877 636 953 αὐτὴν
663 879 924 955 κομπέειν
947 877 1138 941 ἄλλως
1160 879 1520 956 βουλομένην
1552 879 1881 958 ύποβαλέσ·

283 964 395 1024 θαι·
437 965 587 1026 δεινοὶ
623 966 682 1025 δὲ
718 965 1014 1025 ποιεύντων
1050 963 1246 1039 αύτῶν,
1272 969 1374 1025 τοῦ
1403 966 1611 1045 χρόνου
1636 968 1869 1046 συντάμ-

285 1078 490 1124 νοντος,
512 1052 603 1113 ὕπ’
624 1052 888 1128 ἀπιστίης
913 1056 967 1113 οἱ
993 1054 1191 1131 ἔφοροι
1208 1054 1509 1114 τίκτουσαν
1524 1055 1630 1131 τήν
1646 1060 1878 1137 γυναῖκα

279 1141 650 1220 περιῖζόμενοι
687 1140 993 1216 ἐφύλαξαν·
1033 1139 1072 1217 ἦ
1106 1140 1165 1199 δὲ
1192 1139 1263 1205 ὥς
1288 1142 1437 1202 ἔτεκε
1470 1142 1689 1219 Δωριέα
1726 1144 1881 1207 ἰθέως

282 1229 434 1308 ἴσχει
458 1230 756 1306 Λεωνίδην,
783 1229 876 1289 καὶ
900 1227 1044 1307 μετὰ
1069 1231 1269 1289 τοῦτον
1297 1229 1451 1293 ἰθέως
1477 1232 1631 1308 ἴσχει
1656 1231 1880 1307 Κλεόμ-

279 1317 509 1391 βροτον·
565 1322 620 1380 οἱ
661 1318 721 1377 δὲ
757 1318 849 1377 καὶ
890 1316 1150 1393 διδύμους
1188 1317 1427 1396 λέγουσι
1467 1316 1882 1393 Κλεόμβροτόν

280 1429 342 1463 τε
379 1405 471 1463 καὶ
500 1405 780 1480 Λεωνίδην
803 1405 1089 1486 γενέσθαι·
1129 1403 1168 1479 ἦ
1196 1403 1256 1462 δὲ
1284 1402 1609 1479 Κλεομένεα
1636 1409 1881 1465 τεκοῦσα

287 1490 378 1548 καὶ
415 1490 482 1550 vd
523 1491 776 1567 δεύτερον
819 1491 1140 1551 ἐπελθοῦσα
1192 1490 1350 1572 γυνὴ,
1406 1494 1579 1551 ἐοῦσα
1632 1492 1881 1573 θυγάτηρ

282 1578 638 1654 Πρινητάδεω
677 1582 778 1638 τοῦ
806 1578 1196 1654 Δημαρμένου,
1224 1576 1409 1638 ούκέτι
1448 1579 1625 1639 ἔτικτε
1658 1580 1725 1641 τό
1766 1580 1880 1641 δεύ-

283 1690 461 1741 τερον.
1300 1726 1305 1731 .
1525 1657 1534 1667 ⁴

183 1755 262 1813 42
361 1751 430 1811 ‘O
466 1753 570 1830 μὲν
605 1752 674 1828 δὴ
703 1753 1046 1829 Κλεομένης,
1075 1754 1150 1817 ὥς
1174 1755 1416 1834 λέγεται,
1444 1751 1516 1830 ἦν
1539 1779 1604 1813 τε
1624 1753 1689 1813 ού
1716 1762 1879 1833 φρεν-

279 1838 418 1915 ήρης
471 1838 786 1917 ἀκρομανής
824 1866 903 1910 τε,
945 1840 977 1901 ὁ
1019 1840 1078 1900 δὲ
1121 1840 1364 1918 Δωριεύς
1407 1840 1478 1917 ἦν
1528 1844 1639 1903 τῶν
1672 1841 1882 1917 ἡλίκων

279 1926 499 1987 πάντων
537 1931 773 2003 πρῶτος·
829 1926 889 1987 εὖ
927 1953 992 1987 τε
1032 1930 1304 1988 ἐπίστατο
1347 1928 1465 1989 κατ’
1507 1928 1883 2010 ἀνδραγαθίην

281 2013 450 2077 αύτὸς
488 2012 733 2093 σχήσων,
761 2014 866 2091 τήν
904 2016 1241 2092 βασιληΐην·
1282 2015 1429 2075 ὥστε
1462 2015 1537 2077 ὧν
1572 2016 1715 2077 οὕτω
1742 2025 1880 2095 φρο-

283 2101 432 2171 νέων,
461 2102 647 2179 ἐπειδή
676 2101 708 2162 ὅ
734 2126 797 2162 τε
820 2101 1246 2179 Ἀναξανδρίδης
1280 2102 1525 2163 ἀπέθανε
1562 2103 1654 2163 καὶ
1686 2108 1742 2164 οἱ
1768 2112 1880 2163 Λα-

279 2188 614 2266 κεδαιμόνιοι
647 2188 952 2269 χρεώμενοι
985 2194 1062 2269 τῷ
1100 2189 1251 2270 νόμω
1286 2189 1601 2265 ἐστήσαντο
1626 2193 1883 2267 βασιλέα

276 2276 377 2338 τόν
417 2277 815 2357 πρεσβύτατον
859 2278 1205 2355 Κλεομένεα,
1247 2277 1279 2338 ὁ
1322 2276 1565 2354 Δωριεῦς
1604 2278 1783 2338 δεινόν
1820 2304 1883 2339 τε

278 2366 601 2445 ποιεύμενος
627 2367 720 2426 καὶ
745 2364 846 2426 ούκ
872 2364 1040 2436 ἀξιῶν
1072 2365 1187 2427 ύπό
1226 2364 1576 2441 Κλεομένεος
1608 2365 1883 2441 βασιλεύ-

280 2455 459 2523 εσθαι,
501 2454 738 2529 αἰτήσας
776 2452 922 2521 λαόν
967 2452 1329 2529 Σπαρτιήτας
1362 2450 1467 2532 ἄγε
1507 2457 1563 2515 ἐς
1602 2450 1881 2531 α’ποικίην,

280 2538 406 2599 οὔτε
457 2544 534 2619 τῷ
585 2546 645 2601 ἐν
701 2544 994 2617 Δελφοῖσι
1041 2540 1367 2619 χρηστηρίῳ
1418 2538 1778 2618 χρησάμενος
1829 2546 1884 2605 ἐς

279 2626 473 2702 ἥντινα
525 2629 636 2708 γῆν
688 2629 894 2687 κτίσων
949 2629 1023 2706 ἴῃ,
1079 2626 1206 2687 οὔτε
1262 2626 1509 2702 ποιήσας
1566 2626 1725 2687 οὐδὲν
1774 2632 1885 2688 τῶν

280 2713 668 2790 νομιζομένων,
713 2714 804 2773 οἷα
850 2714 910 2773 δὲ
952 2716 1173 2793 βαρέως
1228 2719 1413 2791 φέρων
1466 2714 1621 2773 ἀπίει
1674 2718 1730 2778 ἐς
1778 2715 1886 2790 τήν

280 2799 504 2877 Λιβύην
537 2799 610 2860 τοὶ
635 2804 829 2861 πλοῖα·
871 2804 1210 2882 κατηγέοντο
1238 2802 1301 2862 δέ
1325 2806 1379 2862 οἱ
1410 2799 1603 2879 ἄνδρες
1627 2805 1884 2879 Θηραῖοι.

281 2887 614 2965 ἀπικόμενος
653 2888 700 2949 δ’
742 2894 798 2953 ἐς
837 2891 1079 2959 Κίνυπα,
1122 2891 1303 2949 οἴκισε
1341 2892 1527 2968 χῶρον
1570 2888 1885 2949 κάλλιστον

279 2980 388 3036 τῶν
424 2976 652 3053 Λιβύων
687 2976 840 3054 παρὰ
875 2976 1152 3051 ποταμόν·
1196 2977 1519 3045 ἐξελασθεὶς
1544 2977 1604 3035 δὲ
1636 2976 1885 3037 ἐνθεῦτεν

283 3064 446 3140 τρίτῳ
487 3066 594 3123 ἔτεϊ
630 3064 742 3125 ύπό
782 3064 1020 3122 Μακέων
1056 3089 1118 3122 τε
1154 3064 1247 3121 καὶ
1276 3063 1507 3137 Λιβύων
1534 3063 1625 3122 καὶ
1653 3068 1882 3143 Καρχη-

189 3150 267 3208 43
287 3147 494 3218 δονίων,
523 3150 750 3211 ἀπίκετο
788 3155 842 3212 ἐς
881 3148 1342 3223 Πελοπόννησον.
1422 3148 1699 3211 Ἑνθαῦτα
1734 3150 1798 3210 δέ
1830 3155 1885 3211 οἶ

287 3232 632 3312 Ἀντιχάρης,
673 3235 814 3313 ἀνὴρ
865 3233 1157 3298 Ἐλεώνιος
1208 3233 1627 3310 συνεβούλευσε
1672 3239 1735 3295 ἐκ
1774 3240 1885 3297 τῶν
