2192 3409
290 130 508 196 33-37]
961 130 1188 177 ΕΡΑΤΩ.
1827 129 1886 180 71

287 212 350 277 ὃς
375 212 447 272 ἄν
473 216 659 286 σφεας
683 210 948 273 α’πιόντας
975 215 1034 269 ἐκ
1061 213 1163 269 τοῦ
1192 211 1313 286 ἱροῦ
1337 211 1557 286 πρῶτος
1586 208 1680 268 ἐπὶ
1720 208 1891 277 ξείνια

289 301 528 377 καλέσῃ·
572 298 744 361 ἰόντες
785 298 845 357 δὲ
889 301 942 357 οἱ
987 297 1275 377 Δόλογκοι
1309 296 1415 371 τήν
1460 295 1583 373 ἱρὴν
1626 294 1758 357 ὁδὸν
1799 296 1891 355 διὰ

288 387 518 447 Φωκέων
543 411 606 445 τε
634 386 726 443 καὶ
753 388 1010 445 Βοιωτῶν
1035 384 1227 459 ἤϊσαν·
1271 384 1367 442 καί
1398 390 1582 460 σφεας
1618 383 1689 445 ὥς
1716 382 1891 446 ουδεὶς

289 468 498 545 ἐκάλεε,
555 472 922 549 ἐκτράπονται
977 472 1060 532 ἐπ’
1114 470 1410 550 Ἀθηνέων.
1492 470 1589 531 Ἐν
1642 472 1701 529 δὲ
1753 475 1889 550 τῇσι
1908 474 1983 531 35

260 628 266 633 ,
285 559 562 641 Ἀθήνῃσι
591 564 894 635 τηνικαῦτα·
933 560 1048 637 εἶχε
1087 562 1192 636 μὲν
1227 558 1305 619 τὰ
1319 563 1433 618 πᾶν
1461 558 1659 638 κράτος
1686 561 1884 618 Πεισί-

285 673 542 724 στρατος,
572 645 713 724 άτοὶρ
741 646 1069 707 ἐδυνάστευε
1104 647 1197 705 καὶ
1214 646 1530 721 Μιλτιάδης
1556 646 1588 705 6
1616 646 1887 723 Κυψέλου

287 736 391 795 ἐών
437 735 612 812 οἰκίης
657 734 1169 813 τεθριπποτρόφου,
1214 734 1287 793 τὰ
1332 736 1437 811 μὲν
1484 732 1747 793 ἀνέκαθεν
1792 732 1889 793 ἀπ’

284 825 497 882 Αἰακοῦ
536 848 599 883 τε
637 822 728 881 καὶ
755 822 985 903 Αἰγίνης
1009 821 1255 902 γεγονώς
1278 820 1350 880 τὰ
1377 820 1436 880 δὲ
1464 820 1699 898 νεώτερα
1722 818 1889 898 Ἀθη-

284 914 452 991 ναζος,
481 910 734 989 Φιλαίου
762 914 863 969 τοῦ
890 910 1128 973 Αἴαντος
1168 908 1366 972 παιδὸς
1400 910 1698 989 γενομένου
1739 910 1885 985 πρώ-

280 1022 382 1056 του
417 988 520 1073 τῆς
559 998 732 1074 οἰκίης
756 996 962 1073 ταύτης
985 996 1306 1073 Ἀθηναίου.
1389 993 1549 1059 οὗτος
1576 996 1607 1055 6
1634 994 1876 1055 Μιλτιά-

283 1084 380 1160 δης
425 1085 726 1163 κατήμενος
775 1090 832 1145 ἐν
871 1088 1027 1144 τοῖσι
1080 1083 1417 1162 προθύροισι
1460 1087 1613 1143 τοῖσι
1662 1085 1879 1153 ἑωυτοῦ,

283 1169 456 1247 ὁρέων
468 1197 598 1234 τους
613 1172 937 1254 Δολόγκους
956 1172 1258 1249 παριόντας
1283 1172 1553 1247 ἐσθῆτα”
1526 1196 1752 1249 εχοντας
1780 1170 1880 1229 οὐκ
1940 1208 1949 1214 -

284 1260 555 1339 ἐγχωρίην
579 1261 671 1321 καὶ
698 1260 922 1339 αἰχμας,
947 1260 1387 1339 προσεβώσατο·
1432 1259 1529 1317 καί
1556 1264 1667 1333 σφι
1704 1283 1882 1336 προσ-

285 1348 518 1425 ελθοῦσι
551 1348 928 1428 ἐπηγγειλατο
965 1346 1307 1428 καταγωγην
1339 1346 1429 1406 καὶ
1470 1346 1661 1415 ξείνια.
1744 1349 1798 1404 οἱ
1824 1346 1885 1405 δὲ

283 1432 570 1512 δεξάμενοι
595 1435 688 1493 καὶ
713 1434 1076 1503 ξεινισθέντες
1102 1433 1195 1493 ὕπ’
1222 1433 1409 1504 αὐτοῦ,
1438 1434 1730 1509 ἐξέφαινον
1768 1437 1883 1493 πὰἶν

284 1522 336 1578 οἱ
360 1510 434 1579 τὸ·
453 1518 740 1597 μαντήϊον·
784 1520 1121 1598 ἐκφήναντες
1158 1522 1217 1581 δὲ
1244 1522 1461 1581 ἐδέοντο
1488 1520 1645 1581 αὐτοὶ
1671 1525 1747 1601 τῷ
1775 1523 1881 1601 θεῷ

279 1632 378 1683 μιν
401 1607 716 1666 πείθεσθαι.
794 1609 1112 1669 Μιλτιάδεα
1136 1610 1197 1690 δὲ
1224 1608 1543 1671 ἀκούσαντα
1568 1610 1880 1685 παραυτίκα

267 1695 472 1765 ,ἔπεισε
500 1691 532 1752 6
560 1693 746 1773 λόγος,
775 1695 866 1755 οἷα
907 1695 1221 1775 ἀχθόμενόν
1262 1723 1323 1756 τε
1358 1701 1429 1775 τῇ
1458 1696 1879 1774 Πεισιστράτου

282 1780 434 1859 ἀρχῇ
481 1782 573 1840 καὶ
615 1782 971 1859 βουλόμενον
1018 1789 1077 1842 ἐκ
1126 1784 1311 1843 ποδῶν
1358 1785 1515 1843 εἶναι·
1572 1784 1767 1843 αὐτίκα
1818 1785 1878 1843 δὲ

268 1862 496 1945 ’ἐστάλη
539 1874 593 1932 ἐς
635 1870 898 1944 Δελφοῦς
935 1871 1366 1949 ἐπειρησόμενος
1407 1872 1473 1931 τό
1516 1872 1877 1951 χρηστήριον,

283 1958 331 2013 εἰ
370 1957 559 2033 ποωίη
600 1956 672 2017 τά
712 1983 817 2033 περ
855 1957 1024 2016 αὐτοῦ
1062 1960 1116 2017 οἱ
1153 1957 1439 2038 Δόλογκοι
1476 1960 1873 2041 προσεδέοντο·
1859 2006 1873 2029 ,

281 2043 642 2148 Κελευούσης
679 2044 737 2104 δὲ
771 2046 862 2105 καὶ
896 2050 998 2121 τῆς
1023 2046 1259 2127 Πυθίης,
1288 2047 1431 2107 οὕτω
1463 2047 1531 2123 δη
1559 2046 1875 2129 Μιλτιάδης
1892 2050 1969 2107 36

281 2129 314 2188 6
354 2128 673 2210 Κυψέλου,
676 2131 966 2209 Ὀλυμπια
1005 2132 1312 2211 ἅναιρηκῶς
1355 2135 1627 2212 πρότερον
1668 2135 1875 2195 τούτων

278 2220 580 2300 τεθρίππω,
625 2219 754 2279 τότε
797 2220 1151 2296 παραλαβων
1196 2221 1503 2299 Ἀθηναίων
1549 2223 1730 2283 πάντα
1775 2223 1877 2283 τᾶν

276 2308 632 2385 βουλόμενον
669 2306 924 2385 μετέχειν
960 2310 1060 2367 τοῦ
1101 2307 1332 2380 στόλου,
1364 2312 1530 2369 ἔπλεε
1572 2308 1691 2385 ἅμα
1720 2312 1875 2370 τοῖσι

279 2393 630 2474 Δολόγκοισι
657 2394 750 2452 καὶ
776 2394 911 2473 ἔσχε
935 2394 1039 2471 τήν
1059 2395 1265 2475 χώρην·
1295 2398 1392 2455 καί
1404 2422 1503 2473 μιν
1522 2398 1577 2454 οἱ
1596 2396 1873 2476 ἐπαγαγό-

274 2506 434 2557 μενοι
474 2479 742 2559 τύραννον
785 2482 1222 2559 κατεστήσαντο.
1304 2483 1337 2543 6
1390 2483 1449 2543 δὲ
1501 2487 1722 2559 πρῶτον
1767 2486 1872 2561 μὲν

277 2567 599 2647 ἀπετείχισε
628 2568 726 2629 τόν
767 2570 973 2647 ἶσθμόν
1012 2574 1115 2647 τῆς
1139 2570 1563 2648 Χερσονήσου’
1539 2596 1611 2634 εκ
1626 2571 1873 2649 Καρδίης

275 2655 527 2719 πόλιος’
501 2681 556 2718 ες
571 2657 903 2733 Πακτύην,
877 2684 966 2716 ινα
989 2683 1071 2735 μη
1102 2659 1280 2736 ἔχοιέν
1306 2664 1491 2733 σφεας
1518 2660 1572 2718 οῖ
1590 2657 1872 2737 Ἀψίνθιοι

276 2742 580 2816 δηλέεσθαι
606 2744 1044 2828 ἐσβάλλοντες’
1018 2771 1072 2809 ες
1098 2770 1202 2820 την
1226 2745 1431 2823 χώρην.
1496 2745 1607 2805 εἰσὶ
1634 2747 1692 2805 δε
1719 2745 1871 2807 οὗτοι

276 2829 495 2889 στάδιοι
528 2831 590 2901 εξ
618 2857 680 2891 τε
708 2832 799 2889 καὶ
823 2858 1122 2917 τριηκοντα
1146 2836 1246 2891 τοῦ
1277 2835 1501 2911 ἰσθμοῦ·
1543 2833 1657 2893 α’πὸ
1685 2836 1744 2893 δὲ
1770 2838 1870 2893 τοῦ

277 2916 482 2993 ἰσθμοῦ
517 2918 716 2978 τούτου
751 2918 788 2996 ἦ
815 2920 1181 3003 Χερσόνησος
1222 2920 1355 2978 εἵσω
1396 2921 1557 2980 πᾶσά
1585 2927 1708 2981 ἐστι
1736 2947 1869 2979 στα-

275 3003 402 3063 δίων
439 3032 617 3066 εικοσι
651 3006 744 3066 καὶ
778 3008 1151 3082 τετρακοσίων
1185 3007 1252 3065 τὸ
1277 3012 1475 3084 μῆκος.
1556 3008 1867 3085 Ἀποτειχί-
1885 3010 1964 3067 37

208 3138 214 3145 .
275 3117 382 3154 σας
419 3091 492 3151 ὧν
525 3092 623 3153 τὸν
665 3093 872 3171 αὐχένα
911 3098 1013 3169 τῆς
1044 3095 1417 3171 Χερσονήσου
1458 3095 1491 3155 6
1534 3094 1866 3171 Μιλτιάδης,

277 3179 366 3238 καὶ
408 3178 537 3242 τούς
568 3180 888 3257 Ἀψινθίους
922 3180 1113 3259 τρόπῳ
1146 3181 1375 3263 τοιούτῳ
1418 3183 1719 3260 ὠσάμενος,
1759 3188 1869 3243 τῶν

275 3268 488 3326 λοιπῶν
512 3267 784 3345 πρώτοισι
812 3268 1133 3345 ἐπολέμησε
1154 3275 1609 3349 Λαμψακηνοῖσι·
1653 3272 1749 3331 καί
1768 3297 1865 3347 μιν
