2192 3409
259 69 477 135 εει-42]
906 110 913 114 .
951 70 1179 119 Eum.
1788 71 1853 123 73

256 150 490 227 βόσκων
528 148 864 225 ἐπικούρους,
907 149 999 208 καὶ
1041 150 1238 231 γαμέει
1266 149 1513 227 Ὀλόρου
1546 154 1648 221 τοῦ
1682 151 1851 227 Θρηΐ-

260 264 368 297 κων
393 237 674 313 βασιλέος
705 237 979 317 θυγατέρα
1003 236 1421 319 Ἡγησιπύλην.
1508 235 1691 301 Οὗτος
1718 238 1777 297 δὲ
1818 237 1849 297 ὁ
1868 240 1949 297 40

260 326 518 401 Κίμωνος
563 324 881 401 Μιλτιάδης
933 326 1133 385 νεωστὶ
1184 328 1290 401 μὲν
1336 324 1602 400 ἐληλύθεε
1650 330 1706 389 ἐς
1750 324 1854 400 τήν

259 412 646 490 Χερσόνησον,
675 411 1068 490 κατελάμβανε
1093 412 1157 471 δέ
1179 439 1277 490 μιν
1304 411 1541 473 ἐλθόντα
1568 410 1723 479 ἄλλα
1745 416 1857 473 τῶν

263 500 604 581 κατεχόντων
629 499 970 583 πρηγμάτων
995 500 1379 579 χαλεπώερα·
1410 502 1595 580 (τρίτῳ
1618 502 1723 578 μὲν
1746 500 1859 582 γὰρ

265 590 371 649 ἔτεϊ
402 588 611 649 τούτων
638 589 853 652 Σκύθας
895 590 1113 669 ἔφευγε·
1157 587 1366 651 Σκύθαι
1406 588 1515 668 γὰρ
1544 590 1597 647 οἱ
1624 587 1858 665 νομάδες

265 676 636 754 ἐρεθισθέντες
661 675 771 736 ύπό
797 676 1075 753 βασιλέος
1096 675 1335 752 Δαρείου
1362 674 1858 753 συνεστράφησαν,

265 763 356 823 καὶ
391 763 617 840 ἤλασαν
643 764 811 843 μέχρι
835 767 936 840 τῆς
963 762 1335 841 Χερσονήσου
1368 762 1590 839 ταύτης·
1631 762 1859 827 τούτους
1930 806 1957 837 ,

265 851 516 915 ἐπιόντας
565 850 664 911 οὐκ
709 850 1010 930 ὖπομείνας
1056 850 1088 911 ὁ
1135 850 1453 927 Μιλτιάδης
1478 852 1699 931 ἔφευγε
1744 848 1859 911 οἷπό

266 939 710 1015 Χερσονήσου,’
683 966 738 1003 ες
775 966 805 999 ο
839 939 899 998 οἵ
923 963 986 998 τε
1019 937 1229 1005 Σκύθαι
1268 936 1727 1016 ἀπαλλάχθησαν
1766 938 1865 996 καί

265 1052 362 1103 μιν
389 1029 442 1086 οἱ
463 1027 756 1137 Δόλογκοι
789 1025 1107 1137 κατ-η’γαγον
1138 1024 1363 1104 ὀπίσω)
1440 1028 1626 1084 Ταῦτα
1657 1027 1759 1101 μὲν
1792 1023 1857 1099 δη
1876 1026 1949 1083 41

266 1114 432 1192 τρίτω
461 1114 566 1173 ἔτεῖ
592 1112 863 1191 πρότερον
889 1112 1140 1195 ἐγεγόνεε
1165 1138 1273 1173 των
1304 1138 1435 1172 τοτε
1466 1138 1564 1189 μιν
1602 1110 1858 1189 κατεχόν-

267 1227 394 1261 των·
434 1199 562 1260 τότε
605 1200 664 1259 δὲ
706 1201 1114 1277 πυνθανόμενος
1156 1200 1294 1259 εἶναι
1333 1200 1463 1262 τούς
1504 1200 1760 1261 Φοίνικας
1804 1204 1863 1258 ἐν

269 1288 494 1368 Τενέδῳ,
537 1288 843 1365 πληρώσας
886 1278 1141 1367 τριῆρεας
1186 1290 1351 1347 πέντε
1402 1285 1701 1366 χρημάτων
1753 1290 1864 1346 τῶν

272 1378 584 1455 παρεόντων
630 1376 877 1437 ἀπέπλεε
931 1380 985 1440 ἐς
1036 1376 1137 1441 τοῖς
1188 1374 1446 1451 Ἀθήνας.
1530 1374 1623 1433 καὶ
1672 1373 1863 1451 ὥσπερ

275 1464 502 1541 ὦρμήθη
544 1469 604 1523 ἐκ
631 1463 878 1541 Καρδίης
903 1463 1119 1534 πόλιος,
1148 1464 1312 1522 ἔπλεε
1346 1462 1439 1521 διοὶ
1471 1465 1571 1522 τοῦ
1599 1462 1865 1524 Μέλανος

276 1552 506 1612 κόλπου·
555 1550 940 1630 παραμείβετό
985 1576 1047 1611 τε
1092 1550 1199 1627 τήν
1242 1547 1612 1628 Χερσόνησον
1666 1551 1757 1609 καὶ
1810 1553 1867 1609 οἱ

275 1640 520 1701 Φοίνικές
546 1642 600 1697 οἱ
625 1638 1021 1715 περιπίπτουσι
1046 1642 1183 1717 τῇσι
1209 1639 1395 1714 νηυσί.
1474 1638 1641 1701 αὖτός
1663 1640 1767 1715 μὲν
1794 1637 1863 1713 δὴ

276 1726 590 1804 Μιλτιάδης
615 1725 723 1785 σῦν
747 1728 884 1806 τῇσι
906 1726 1191 1803 τέσσαρσι
1226 1729 1336 1786 τῶν
1367 1730 1501 1787 νεῶν
1528 1725 1867 1806 καταφεύγει

278 1806 334 1878 ἐς
357 1812 615 1891 Ἴμβρον,
650 1814 754 1889 τήν
798 1813 860 1873 δέ
901 1815 957 1872 οἱ
989 1814 1250 1890 πέμπτην
1288 1817 1399 1874 τῶν
1439 1817 1575 1875 νεῶν
1610 1816 1866 1873 κατεῖλον

277 1900 558 1965 διώκοντές
601 1904 653 1961 οῖ
695 1902 960 1964 Φοίνικες.
1043 1905 1145 1977 τῆς
1191 1900 1249 1960 δὲ
1296 1900 1417 1965 νεός
1461 1900 1662 1977 ταύτης
1710 1902 1868 1979 ἔτυχε

277 1995 386 2051 τῶν
411 1989 733 2049 Μιλτιάδεω
767 1988 978 2049 παίδων
1019 1988 1050 2049 ὁ
1090 1988 1485 2066 πρεσβύτατος
1522 1988 1707 2068 α”ρχων
1742 1994 1869 2065 Μη-

276 2078 478 2158 τίοχος,
507 2076 606 2136 οὐκ
639 2082 699 2135 ἐκ
735 2081 838 2153 τῆς
861 2074 1109 2154 Ὀλόρου
1147 2080 1249 2136 τοῦ
1282 2076 1518 2153 Θρήῖκος
1559 2076 1661 2137 ε’ὢν
1703 2078 1868 2155 θυγα-

277 2163 560 2242 τρόςοῖλχ
587 2164 650 2233 ἐξ
673 2162 874 2239 ἄλλης·
917 2162 1009 2222 καὶ
1033 2167 1233 2241 τοῦτον
1257 2162 1375 2239 ἅμα
1401 2168 1472 2242 τῇ
1500 2164 1590 2239 νηῒ
1624 2164 1776 2223 εἶλον
1817 2166 1871 2221 οἱ
1918 2214 1925 2219 .

278 2253 540 2322 Φοίνικες,
569 2253 666 2310 καί
695 2276 794 2328 μιν
827 2249 1132 2327 πυθόμενοι
1166 2249 1236 2315 ὦς
1273 2251 1355 2327 εἴη
1382 2250 1703 2309 Μιλτιάδεω
1739 2253 1870 2311 παῖς

279 2338 561 2421 ἀνήγαγον
590 2337 743 2415 παροὶ
769 2337 1040 2415 βασιλέα,
1069 2338 1349 2402 δοκέοντες
1383 2338 1589 2417 χάριτα
1618 2336 1871 2416 μεγάλην

281 2425 719 2503 καταθήσεσθαι·
761 2424 847 2485 ὅτι
875 2425 942 2502 δὴ
969 2426 1284 2503 Μιλτιάδης
1307 2425 1533 2507 γνώμην
1566 2424 1871 2492 ἀπεδέξατο

279 2520 338 2575 ἐν
362 2520 514 2575 τοῖσι
533 2508 694 2573 Ἴωσι
719 2514 1014 2574 πείθεσθαι
1041 2514 1278 2575 κελεύων
1302 2516 1455 2573 τοῖσι
1482 2512 1751 2590 Σκύθῃσι,
1778 2510 1872 2571 ὅτε

280 2607 333 2661 οἱ
360 2601 572 2667 Σκύθαι
607 2601 980 2679 προσεδέοντο
1001 2601 1304 2663 λύσαντας
1342 2600 1445 2675 τήν
1476 2600 1707 2678 σχεδίην
1732 2598 1871 2659 α’,πο-

280 2692 470 2750 πλέειν
507 2692 562 2753 ε’ς
595 2688 699 2765 τὴν
732 2692 959 2756 ἑωυτῶν.
1043 2692 1281 2765 Δαρεῖος
1322 2687 1396 2757 δὲ,
1428 2685 1496 2750 ὥς
1536 2690 1591 2751 οἱ
1626 2688 1873 2751 Φοίνικες

279 2779 573 2856 Μητίοχον
606 2776 706 2838 τόν
733 2776 1061 2860 ,Μιλτιάδεω
1096 2775 1395 2857 ἀνήγαγον,
1439 2776 1685 2851 ἐποίησε
1706 2774 1876 2839 κακὰν

277 2867 382 2940 μὲν
408 2864 566 2945 οὐδὲν
591 2864 889 2943 Μητίοχον
915 2862 1101 2944 άγαθαῖ
1130 2863 1188 2921 δὲ
1214 2861 1417 2941 συχνά·
1461 2863 1553 2921 καὶ
1577 2863 1688 2942 γάρ
1722 2862 1875 2921 οἷκον

207 2980 216 2988 ·
281 2953 370 3010 καὶ
416 2956 616 3029 κτῆσιν
658 2952 820 3011 ἔδωκε
865 2951 956 3010 καὶ
998 2950 1255 3026 Περσίδα
1288 2954 1537 3031 γυναῖκα,
1578 2954 1638 3009 ἐκ
1680 2954 1780 3023 τῆς
1822 2950 1874 3006 οἱ

279 3040 444 3097 τέκνα
471 3040 687 3121 ἐγένετο
712 3038 785 3098 τοὶ
813 3043 868 3101 ἐς
893 3040 1125 3115 Πέρσας
1165 3038 1553 3113 κεκοσμέαται.
1634 3034 1873 3095 Μὶλτιά·

281 3126 378 3201 δης
405 3126 464 3184 δὲ
493 3128 553 3196 ἐξ
566 3127 813 3203 Ἴμβρου
841 3124 1154 3185 ἀπικνέεται
1182 3130 1235 3185 ἐς
1260 3125 1360 3187 τοῖς
1386 3124 1642 3199 Ἀθήνας.

365 3214 480 3272 Καὶ
526 3214 664 3273 κατοῖ
702 3213 768 3272 τό
808 3215 926 3273 ἔτος
960 3216 1126 3270 τοῦτο
1166 3216 1223 3268 ἐκ
1265 3216 1373 3269 τῶν
1412 3211 1679 3287 Περσέων
1718 3210 1973 3271 οὖδὲν49
