2192 3409
321 93 410 139 184
938 89 1301 137 ἨιόΔοΤοτ
1759 90 1916 153 [vn.

314 196 427 247 μου
448 172 647 230 τούτου
674 168 800 229 οὖδέ
830 167 1278 245 προσδεκόμενον
1305 166 1476 228 κακὸν
1505 166 1662 228 οὐδὲν
1689 169 1918 232 πείσεσ-

317 259 425 327 θαι,
456 256 679 338 α’γαγῶν
707 256 799 315 καὶ
824 255 1051 317 τούτους
1076 259 1132 315 ἐς
1158 253 1257 316 τοὶς
1291 252 1650 331 Συρηκούσας
1677 254 1918 317 ἀπέδοτο

316 343 399 404 ἐπ’
429 345 679 425 ἐξαγωγῇ
713 350 773 404 ἐκ
810 342 1083 419 Σικελίης.
1169 340 1342 401 τιῦυτό
1381 341 1440 401 δὲ
1476 346 1642 402 τοῦτο
1683 344 1776 401 καὶ
1809 344 1916 403 Εὖ-

314 434 487 509 βοέας
509 433 640 495 τούς
674 436 732 491 ἐν
765 430 992 509 Σικελίῃ
1021 432 1269 507 ἐποίησε,
1299 429 1595 508 διακρίνας·
1639 432 1819 490 ἐποίεε
1858 432 1916 490 δὲ

314 524 491 580 ταῦτα
516 519 744 583 τούτους
770 518 1140 596 ἀμφοτέρους,
1161 518 1395 595 νομίσας
1422 517 1600 593 δῆμον
1623 518 1762 577 εἶναι
1787 546 1914 579 συν-

316 608 521 683 οίκημα
548 604 976 684 ἀχαριτώτατον.
1056 604 1288 683 τοιούτῳ
1313 605 1418 680 μὲν
1442 603 1632 683 τρόπῳ
1655 603 1915 680 τύραννος
2001 647 2008 653 -

318 693 567 773 ἐγεγόνεε
591 694 767 774 μέγας
794 692 825 753 ὁ
852 694 1059 754 Γέλων.

224 783 334 841 157
396 780 536 841 Τότε
568 780 642 851 δὲ,
672 781 741 844 ὦς
772 784 827 841 οἶ
864 780 1098 862 ἄγγελοι
1128 782 1239 842 τῶν
1269 780 1558 857 Ἑλλήνων
1591 781 1829 841 οἷπίκατο
1859 788 1914 847 ἐς

313 868 413 931 τοῖς
458 868 836 945 Συρηκούσας,
879 868 1135 932 ἐλθόντες
1181 868 1330 946 αὐτῷ
1371 873 1424 931 ἐς
1471 867 1676 949 λόγους
1719 870 1914 950 ἔλεγον

312 955 461 1014 τάδε·
505 966 539 991 “
556 957 808 1035 ἔπεμψαν
833 955 1008 1032 ἡμέας
1036 956 1462 1032 Λακεδαιμόνιοι
1495 956 1588 1014 καὶ
1623 958 1677 1015 οἱ
1705 954 1913 1019 τούτων

311 1042 621 1124 σύμμαχοι,
642 1045 1196 1122 παραλαμψομένους
1221 1070 1292 1103 σε
1311 1043 1453 1121 πρὸς
1475 1042 1576 1103 τόν
1593 1042 1910 1121 βάρβαρον·

312 1130 411 1190 τὸν
440 1132 549 1211 γοὶρ
588 1130 812 1192 ἐπιόντα
846 1132 936 1191 ἐπὶ
975 1133 1075 1209 τὴν
1119 1131 1372 1191 Ἐλλάδα
1401 1130 1619 1195 πάντως
1653 1156 1752 1191 κου
1783 1158 1908 1193 πυν-

311 1217 521 1278 θάνεαι·
556 1218 641 1279 ὅτι
668 1220 899 1297 Πέρσης
926 1218 1066 1297 οἷνὴρ
1088 1221 1308 1296 μέλλει,
1331 1219 1522 1290 ζεύξας
1547 1218 1646 1279 τᾶν
1664 1218 1911 1295 Ἑλλήσ-

307 1330 517 1366 ποντον
544 1306 635 1365 καὶ
671 1306 889 1388 ἐπάγων
921 1306 1104 1367 πάντα
1134 1307 1234 1367 τὸν
1265 1305 1410 1385 ἠῷον
1441 1306 1686 1383 στρατόν
1719 1313 1778 1367 ἐκ
1813 1313 1912 1383 τῆς

310 1390 521 1469 Ἀσίης,
546 1394 1035 1472 στρατηλατήσειν
1063 1397 1154 1455 ἐπὶ
1179 1395 1282 1471 τὴν
1307 1394 1575 1465 Ἑλλάδα,
1603 1393 1912 1473 πρόσχημα

308 1483 413 1557 μὲν
451 1482 773 1558 ποιεύμενος
815 1482 886 1546 ὥς
926 1481 1010 1541 ἐπ’
1044 1480 1286 1558 Ἀθήνας
1329 1480 1560 1553 ἐλαύνει,
1607 1486 1665 1540 ἐν
1706 1482 1812 1561 νόῳ
1853 1483 1911 1541 δὲ

311 1568 450 1645 ἔχων
474 1574 667 1628 πᾶσαν
686 1569 788 1645 τὴν
811 1568 1067 1629 Ἑλλάδα
1085 1570 1178 1631 ὕπ’
1201 1572 1380 1648 ἑωυτῷ
1404 1566 1778 1647 ποιήσασθαι.
1835 1570 1910 1631 σι)

302 1654 371 1713 -δὲ
414 1654 671 1733 δυνάμιός
716 1680 777 1715 τε
823 1657 973 1732 ἥκεις
1017 1657 1286 1738 μεγάλης,
1331 1658 1422 1716 καὶ
1467 1655 1640 1735 μοῖρά
1685 1684 1775 1717 τοι
1811 1662 1911 1734 τῆς

310 1740 585 1806 Ἑλλάδος
622 1742 721 1803 οὔκ
757 1746 1033 1823 ἐλαχίστη
1068 1746 1228 1822 μέτα,
1263 1743 1500 1825 ἄρχοντί
1528 1770 1594 1826 γε
1635 1746 1908 1822 Σικελίης·

308 1830 509 1905 βοήθει
532 1854 597 1889 τε
627 1834 780 1891 τοῖσι
806 1832 1162 1909 ἐλευθεροῦσι
1200 1832 1304 1909 τὴν
1328 1831 1598 1918 Ἑλλᾴδα,
1631 1834 1722 1893 καὶ
1755 1860 1908 1893 συνε-
1967 1890 1972 1895 ,

306 1918 591 1994 λευθέρου.
674 1917 817 1992 οἷλής
854 1922 957 1995 μὲν
990 1920 1100 2000 γάρ
1132 1920 1396 2000 γινομένη
1427 1923 1589 1979 πᾶσα
1632 1917 1671 1995 ἦ
1701 1920 1910 1985 Ἑλλὰς

308 2004 431 2082 χεὶρ
484 2005 707 2085 μεγάλη
761 2005 1077 2087 συνάγεται,
1137 2008 1229 2068 καὶ
1289 2006 1588 2087 ἀξιόμαχοι
1641 2006 1910 2087 γινόμεθα

306 2094 459 2151 τοῖσι
490 2096 732 2153 ἐπιοῦσι·
774 2092 843 2168 ἢν
869 2093 929 2153 δὲ
958 2094 1142 2173 ἡμέων
1171 2098 1224 2156 οἵ
1252 2098 1358 2173 μὲν
1385 2094 1832 2172 καταπροδιδῶσι
1857 2099 1910 2155 οἱ

306 2178 366 2237 δὲ
391 2179 471 2256 μὴ
494 2181 708 2255 θέλωσι
735 2182 1029 2259 ἰμωρέειη
1052 2183 1120 2245 τὸ
1149 2184 1210 2249 δὲ
1236 2182 1485 2264 ὑγιαῖνον
1507 2187 1610 2259 τῆς
1635 2182 1909 2247 Ἑλλάδος

304 2265 344 2373 ᾗ
370 2265 580 2349 ὀλίγον,
606 2274 775 2329 τοῦτο
804 2269 861 2329 δὲ
894 2269 999 2347 ἤδη
1026 2271 1203 2331 δεινόν
1228 2271 1440 2351 γίνεται
1465 2270 1548 2347 μὴ
1572 2270 1723 2351 πέσῃ
1748 2275 1909 2333 πᾶσα

304 2379 341 2429 η
368 2354 593 2420 Ἑλλάς.
658 2360 736 2437 μὴ
760 2356 871 2438 γὰρ
894 2359 1147 2439 ἐλπίσῃς,
1168 2358 1238 2435 ἢν
1258 2358 1432 2436 ἡμέας
1458 2360 1909 2439 καταστρέψηται

304 2440 337 2500 ὅ
370 2444 599 2520 Πέρσης
634 2444 789 2523 μάχῃ
818 2446 1118 2524 κρατήσας,
1150 2447 1218 2509 ὥς
1247 2447 1370 2506 οὐκὶ
1395 2448 1514 2523 ἥξει
1543 2446 1696 2525 παρὰ
1727 2446 1800 2506 σέ
1823 2472 1908 2528 γε·

304 2526 460 2588 ἄλλα
490 2529 602 2607 πρδ
634 2530 835 2591 τούτου
867 2533 1138 2607 φύλαξαι·
1179 2534 1438 2609 βοηθέων
1471 2534 1584 2613 γοὶρ
1609 2532 1744 2610 ἡμῖν
1773 2560 1908 2592 σεω-

303 2620 411 2693 υτῷ
462 2618 761 2693 τιμωρέεις·
830 2623 907 2698 τῷ
962 2620 1019 2679 δὲ
1076 2620 1135 2680 εὖ
1193 2622 1561 2697 βουλευθέντι
1621 2619 1908 2697 πρήγματι

304 2704 534 2777 τελευτὴ
572 2703 644 2767 ὥς
682 2706 749 2765 τό
786 2708 988 2767 ἐπίπαν
1023 2710 1248 2786 χρηστὴ
1287 2710 1468 2769 ἐθέλει
1509 2704 1906 2789 ἐπιγίνεσθαι.”

214 2788 327 2844 158
348 2791 419 2845 Οἳ
464 2790 569 2863 μὲν
612 2796 787 2851 ταῦτα
828 2794 1040 2873 ἔλεγον·
1083 2795 1275 2855 Γέλων
1317 2796 1376 2855 δὲ
1415 2794 1633 2858 πολλὰς
1675 2794 1906 2854 ἐνέκειτο

302 2874 481 2953 λέγων
537 2876 740 2936 τοιάδε·
812 2890 847 2915 “
864 2878 1051 2955 ἄνδρες
1107 2880 1404 2958 Ἕλληνες,
1459 2882 1636 2963 λόγον
1691 2884 1906 2962 ἔχοντες

303 2962 640 3037 πλεονέκτην
665 2964 1019 3040 ἐτολμήσατε
1050 2970 1149 3045 ἐμὲ
1181 2968 1482 3047 σύμμαχον
1517 2970 1608 3027 ἐπὶ
1639 2969 1738 3029 τόν
1761 2969 1904 3046 βάρ-

303 3046 485 3121 βαρον
502 3051 945 3125 παρακαλέοντες
971 3054 1175 3113 ἐλθεῖν·
1204 3052 1364 3112 αὐτοὶ
1383 3056 1458 3123 δὲ,
1483 3060 1614 3131 ἐμεῦ
1635 3056 1905 3132 πρότερον

306 3130 590 3203 δεηθέντος
635 3136 993 3211 βαρβαρικοῦ
1041 3143 1287 3216 στρατοῦ
1337 3139 1768 3218 συνεπάψασθαι
1811 3142 1903 3200 ὅτε

310 3240 403 3285 μοι
446 3218 585 3287 πρὸς
630 3222 1043 3295 Καρχηδονίους
1092 3230 1266 3283 νεῖκος
1313 3230 1582 3299 συνῆπτο,
1629 3227 1900 3301 ἐπισκήπ-
