2192 3409
307 104 525 187 ⁴12—15]
1013 122 1239 170 EPA'm.
1846 124 1909 171 63

307 203 439 266 τοῦς
464 201 686 283 λόγους,
713 201 831 279 ἅμα
868 202 929 261 δὲ
965 202 1327 278 κατεφαίνετό
1355 208 1467 278 σφι
1494 200 1631 262 εἶναι
1667 201 1909 263 ἀδύνατα

307 292 381 352 τοὶ,
403 290 683 366 βασιλέος
709 290 1014 371 πρήγματα
1037 287 1483 367 ὑπερβαλέσθαι,
1506 287 1565 347 εὖ
1591 315 1654 349 τε
1682 289 1909 351 ἐπιστά-

306 403 466 453 μενοι
509 376 596 447 ὥς,
631 381 679 435 εἰ
723 378 814 435 καὶ
848 376 914 436 vd
951 376 1160 454 παρεόν
1192 376 1451 437 ναυτικὸν
1486 374 1927 453 ὑπερβαλοίατο

307 464 406 523 τόν
460 468 716 541 Δαρεῖον,
765 464 916 524 ἄλλο
969 471 1083 540 σφι
1133 465 1414 543 παρέσται
1466 465 1903 539 πενταπλήσιον,

307 552 630 627 προφάσιος
663 551 736 611 ὧν
773 552 1193 631 ἐπιλαβόμενοι,
1223 552 1347 611 ἐπεί
1375 578 1438 612 τε
1472 551 1720 631 τάχιστα
1762 552 1909 613 εἶδον

305 639 438 702 τούς
463 638 660 702 Ἴωνας
701 638 1061 721 ἇρνευμένους
1106 639 1244 699 εἶναι
1284 640 1583 718 χρηστοῦς,
1630 645 1691 699 ἐν
1732 640 1913 717 κέρδεϊ

308 730 594 787 ἐποιεῦντο
633 732 999 803 περιποιῆσαι
1033 726 1105 786 τά
1130 751 1193 786 τε
1220 727 1311 805 {pot
1334 726 1407 786 τοῖ
1436 729 1689 805 σφέτερα
1716 729 1807 786 καὶ
1833 727 1906 787 τοὶ

309 814 440 872 ἴδια.
521 814 554 875 ὅ
582 815 642 874 δὲ
667 814 892 890 Αἰάκης,
919 814 1048 891 παρ’
1077 814 1204 873 ὅτευ
1239 814 1371 877 τούς
1410 814 1615 895 λόγους
1656 816 1907 875 ἐδέκοντο

309 904 364 959 οἶ
407 901 627 979 Σάμιοι,
672 904 804 965 παῖς
843 904 946 977 μὲν
991 900 1063 977 ἦν
1106 894 1471 965 Συλοσῶντος
1508 906 1609 961 τοῦ
1652 902 1928 966 Αἰάκεος·.

307 988 568 1063 τύραννος
595 989 654 1047 δὲ
682 989 782 1048 ἐών
811 987 1020 1065 Σάμου,
1049 988 1161 1048 ὖπᾶ
1200 993 1300 1048 τοῦ
1326 990 1619 1065 Μιλησίου
1644 988 1905 1066 Ἀριστα-

307 1075 484 1154 γόρεω
511 1076 859 1152 ἀπεστέρητο
885 1077 989 1151 τὴν
1013 1076 1212 1155 οἷρχῆν,
1242 1074 1487 1153 κατάπερ
1515 1080 1569 1135 οἱ
1594 1074 1767 1135 ἄλλοι
1806 1082 1906 1153 τῆς

307 1161 515 1237 Ἰωνίης
552 1162 824 1239 τῦραννοι.

389 1248 531 1309 Τότε
565 1248 639 1309 ὧν
671 1250 790 1308 ἐπεὶ
825 1248 1116 1311 ἐπέπλωον
1142 1253 1195 1309 οἱ
1221 1250 1483 1320 Φοίνικες,
1512 1252 1565 1310 οἶ
1591 1250 1775 1314 Ἴωνες
1812 1249 1899 1313 οἷν·
1922 1254 1997 1311 14

308 1341 549 1418 τανῆγον
586 1338 677 1396 καὶ
713 1336 871 1397 αὐτοὶ
911 1338 1010 1401 τοὶς
1047 1339 1171 1402 νέας
1213 1338 1303 1398 ἐπὶ
1344 1337 1523 1414 κέρας.
1608 1336 1679 1400 ὥς
1718 1337 1777 1396 δὲ
1812 1338 1911 1397 καὶ·

309 1424 488 1505 ἀγχοῦ
515 1428 760 1507 ἐγίνοντο
787 1426 880 1483 καὶ
906 1427 1252 1507 συνέμισγον
1278 1423 1609 1499 ἀλλήλοισι,
1630 1424 1697 1486 τὰ
1725 1426 1902 1487 ἐνθεῦ-

306 1538 400 1571 τεν
426 1512 524 1571 οὐκ
551 1514 659 1591 ἔχω
685 1511 952 1589 ἀτρεκέως
977 1513 1302 1594 συγγράψαι
1344 1512 1539 1575 οἵτινες
1572 1515 1685 1573 τῶν
1707 1511 1902 1573 Ἰῶνων

310 1600 561 1679 ἐγένοντο
587 1599 777 1676 ἄνδρες
804 1600 964 1658 κακοὶ
987 1598 1024 1676 ἢ
1051 1599 1255 1682 ἀγαθοὶ
1282 1604 1341 1659 ἐν
1366 1602 1436 1677 τῇ
1462 1601 1740 1680 ναυμαχίῃ
1772 1600 1899 1661 ταύ-

306 1712 396 1763 τῃ·
437 1684 724 1762 ἀλλήλους
763 1686 875 1766 γάρ
920 1691 1324 1747 καταιτιῶνται.
1406 1688 1666 1767 λέγονται
1707 1688 1765 1747 δὲ
1792 1688 1899 1753 Σά-

305 1780 426 1849 μιοι
452 1775 700 1845 ἐνθαῦτα,
730 1774 870 1834 κατὰ
901 1774 972 1836 τσῖ
1010 1775 1346 1857 συγκείμενα
1375 1774 1514 1850 πρός
1538 1774 1639 1834 τόν
1664 1774 1892 1845 Αἰάκεα,

305 1859 617 1937 ἀειράμενοι
640 1861 712 1921 τὰ
739 1862 894 1921 ἶστία
919 1860 1263 1920 ἀποπλῶσαι
1288 1866 1349 1919 ἐκ
1374 1866 1473 1936 τῆς
1499 1860 1686 1931 τάξιος
1714 1868 1767 1925 ἐς
1794 1864 1898 1937 τήν

305 1946 511 2023 Σάμον,
537 1948 691 2025 πλὴν
727 1949 918 2008 ἕνδεκα
950 1951 1105 2009 νεῶν·
1144 1949 1382 2007 τουτέων
1408 1948 1467 2007 δὲ
1494 1952 1547 2007 οἱ
1572 1948 1899 2029 τριήραρχοι

302 2036 610 2111 παρέμενον
653 2036 744 2095 καὶ
787 2036 1147 2115 ἐναυμάχεον,
1186 2033 1703 2111 ἀνηκουστήσαντες
1743 2041 1897 2096 τοῖσι

303 2127 694 2203 στρατιγγοῖσι·
740 2124 835 2181 καί
866 2130 979 2197 σφι
1013 2122 1081 2181 τὰ
1120 2122 1304 2191 κοινὰν
1342 2126 1453 2182 τῶν
1481 2124 1702 2198 Σαμίων
1734 2124 1895 2183 ἔδωκε

302 2208 394 2266 διὰ
417 2213 584 2269 τοῦτο
609 2210 676 2269 τᾶ
703 2214 938 2289 πρῆγμα
965 2214 1024 2268 ἐν
1049 2208 1239 2287 στήλῃ
1266 2208 1658 2290 ἀναγραφῆναι
1684 2211 1889 2286 πατρό-

303 2296 412 2369 θεν,
437 2296 506 2359 tufts·
525 2295 761 2372 ἀνδράσι
788 2296 1054 2376 ἀγαθοῖσι
1079 2297 1448 2375 γενομένοισι·
1492 2296 1583 2353 καὶ
1608 2298 1731 2354 ἔστι
1756 2296 1895 2371 αὕτη

301 2382 339 2457 ἦ
367 2382 556 2457 στήλη
585 2386 740 2461 ἐντῇ
766 2381 964 2463 άγορῇ.
1027 2382 1265 2459 ἰδόμενοι
1292 2383 1351 2442 δὲ
1378 2382 1471 2441 καὶ
1496 2383 1741 2457 Λέσβιοι
1766 2383 1895 2447 τοῦς

301 2468 619 2547 προσεχέας
645 2467 970 2551 φεύγοντας,
990 2468 1166 2529 τῶυτὸ
1195 2469 1411 2529 ἐποίευν
1430 2471 1583 2528 τοῖσι
1604 2469 1892 2544 Σαμίοισι·

304 2554 374 2617 ὣς
415 2556 476 2614 δὲ
517 2557 609 2614 καὶ
651 2559 704 2616 οἶ
747 2560 980 2619 πλεῦνες
1015 2560 1128 2616 τῶν
1156 2554 1354 2617 Ἰώνων
1390 2556 1609 2615 ἐποίευν
1642 2554 1714 2615 τοὶ
1752 2556 1895 2619 αὐτοὶ

301 2646 496 2701 ταῦτα.
550 2647 674 2703 Τῶν
699 2644 758 2703 δὲ
783 2642 1236 2721 παραμεινάντων
1262 2648 1321 2703 ἐν
1344 2646 1417 2723 τῇ
1444 2646 1721 2723 ναυμαχίῃ
1741 2671 1894 2725 περι·
1916 2649 1989 2706 15

303 2729 562 2805 ἔφθησαν
587 2732 904 2809 τρηχύτατα
923 2734 1071 2800 Χῖοι,
1102 2730 1172 2793 ὥς
1198 2729 1651 2808 ἀποδεικνύμενοί
1672 2760 1734 2793 τε
1760 2736 1893 2816 ἔργα

301 2816 538 2893 λαμπροὶ
581 2818 672 2875 καὶ
718 2818 816 2877 οὔκ
863 2818 1331 2880 ἐθελοκακέοντες.
1412 2820 1747 2899 παρείχοντο
1790 2823 1895 2895 μὲν

300 2900 426 2980 γοῖρ,
464 2902 652 2981 ὥσπερ
698 2905 789 2962 καὶ
828 2902 1099 2981 πρότερον
1146 2902 1346 2981 εἰρέθη,
1383 2904 1509 2968 νέας
1552 2907 1762 2972 ἑκατὸν,
1800 2905 1891 2962 καὶ

303 2988 386 3045 ἐπ’
409 2989 646 3067 ἑκάστης
671 2991 879 3050 αὐτέων
903 2990 1103 3068 ἄνδρας
1130 2992 1543 3069 τεσσεράκοντα
1568 2996 1679 3050 τῶν
1704 2990 1891 3051 ἀστῶν

299 3076 547 3155 λογάδας
581 3077 1026 3155 ἐπιβατεύοντας.
1113 3076 1365 3155 ὁρέοντες
1392 3080 1449 3137 δὲ
1475 3078 1603 3140 τούς
1640 3079 1891 3143 πολλοῦς

300 3166 411 3220 τῶν
441 3164 752 3244 συμμάχων
787 3163 1165 3243 προδιδόντας,
1194 3164 1294 3224 οὖκ
1332 3164 1595 3223 ἐδικαίευν
1630 3163 1893 3245 γενέσθαι

302 3252 454 3307 τοῖσι
481 3254 703 3309 κακοῖσι
729 3250 910 3311 αὐτῶν
935 3251 1141 3328 ὁμοῖοι·
1183 3251 1337 3311 ἀλλά
1361 3249 1481 3328 μετ’
1508 3246 1713 3331 ὀλίγων
1750 3277 1891 3329 συμ-
