2192 3409
245 160 260 209 2
337 141 429 189 1⁵⁸
936 136 1302 187 ἭΡοΔοωοτ
1320 132 1347 157 ·
1774 139 1937 204 [vn.

337 220 650 297 Μέρβαλος
682 204 999 301 Ἀγβάλου,
1037 216 1130 276 καὶ
1166 216 1345 287 Κίλιξ
1379 218 1670 285 Συέννεσις
1700 217 1934 297 Ὠρομέ-

329 306 536 377 δοντος,
567 308 659 368 καὶ
687 308 893 387 Λύκιος
929 305 1347 382 Κυβερνίσκος
1350 305 1509 375 Σίκα·
1548 332 1645 393 (ςαι
1670 306 1931 385 Κύπριοι,

328 395 578 477 Γόργος
579 422 640 456 τε
679 424 712 456 ο
737 398 1016 477 .Χε’ρσιος,
1067 394 1162 451 καὶ
1201 386 1463 473 Τιμωναξ
1491 393 1543 453 -ἆ
1586 394 1931 503 Τιμαγόρεω·

326 484 419 541 καὶ
471 488 676 560 Καρῶν
721 482 986 550 Ἱστιαῖός
1027 507 1088 541 τε
1136 478 1167 540 ὅ
1223 478 1449 561 Τύμνεω
1485 482 1591 551 καὶ
1619 480 1851 561 Πίγρης
1894 505 1928 539 ο

233 571 308 628 99
329 570 630 647 Σελδώμου
677 573 767 630 καὶ
815 555 1227 651 Δαμασίθυμος
1278 594 1311 627 ο
1358 562 1724 629 Κανδαύλεω.
1808 574 1933 630 Τῶν

321 657 427 731 μέν
477 681 600 717 νυν
617 658 810 718 αλλων
856 684 920 717 ου
967 656 1437 733 παραμέμνημαι
1432 648 1846 745 ταξιαρχέων,
1858 684 1929 720 ως

328 768 428 801 ουκ
470 742 932 825 ἀναγκαζόμενος·
983 742 1353 819 ’Ἀρτεμισίης
1393 736 1491 813 δὲ,
1516 746 1639 818 τῆς
1668 742 1927 819 μάλιστα

325 831 486 907 θῶμα
525 838 788 911 ποιεῦμαι
827 833 934 892 ἐπὶ
964 856 1068 910 την
1112 830 1399 889 Ελλάδα
1421 832 1923 908 στρατευσαμένης,

319 920 596 999 γυναικός·
637 920 797 1001 ἥτις,
842 918 1221 993 ἀποθανόντος
1263 922 1364 979 τοῦ
1414 917 1626 997 ανδρος,
1661 918 1819 995 αὐτή
1862 947 1925 980 τε

321 1007 531 1085 ἔχουσα
550 1008 654 1084 τὴν
677 1008 1006 1089 τυραννίδα
993 1032 1086 1067 και
1057 1004 1353 1069 Ήπαιδός
1319 1032 1666 1085 υπᾳρχοντος
1685 1009 1921 1083 νεηνίεω,

322 1094 433 1155 ὖπό
467 1095 721 1174 λήματός
749 1124 812 1157 τε
846 1098 938 1156 καὶ
964 1094 1223 1204 ἀνδρηιης
1256 1092 1637 1205 εστρατεύετο,
1666 1092 1923 1171 οὐδεμιῆς

321 1184 523 1263 ἐούσης
550 1188 603 1244 οἱ
629 1184 948 1266 ἀναγκαίης.
1019 1181 1230 1257 οὕνομα
1253 1184 1357 1258 μὲν
1384 1176 1509 1257 δή’
1472 1207 1542 1257 ἠν
1568 1180 1709 1260 αυτῇ
1734 1182 1920 1259 Ἀρτε-

318 1273 502 1348 μισίη,
532 1272 778 1353 θυγάτηρ
811 1269 944 1333 δὲ’
907 1296 978 1347 ην
1007 1269 1346 1351 Λυγδάμιος·
1388 1271 1547 1349 γένος
1584 1271 1644 1329 δὲ
1676 1270 1737 1341 ἐξ
1766 1269 1920 1330 Ἀλι-

320 1364 643 1436 καρνησσοῦ
668 1360 740 1421 τά
767 1358 910 1439 πρὸς
928 1356 1156 1436 πατρός,
1176 1358 1249 1417 τά
1266 1356 1545 1435 μητρόθεν
1564 1356 1625 1417 δὲ
1647 1361 1916 1435 Κρῆσσα.

318 1446 620 1525 ἡγεμόνευε
679 1448 738 1506 δὲ
788 1445 1280 1524 Ἁλικαρνησσέων
1333 1471 1395 1504 τε
1449 1444 1540 1503 καὶ
1600 1444 1771 1524 Κῴων
1826 1447 1918 1506 καὶ

317 1534 602 1641 Νισυρίων
627 1560 690 1593 τε
717 1536 810 1593 καὶ
830 1534 1186 1610 Καλυμνίων,
1208 1532 1373 1593 πέντε
1396 1531 1521 1597 νέας
1539 1534 1913 1612 παρεχομένη·

317 1619 408 1677 καὶ
434 1620 766 1697 συναπάσης
790 1624 892 1697 τῆς
918 1624 1203 1698 στρατιῆς,
1230 1619 1375 1695 μετά
1399 1646 1467 1701 γε
1491 1618 1593 1683 τάς
1626 1621 1913 1693 Σιδωνίων,

316 1707 441 1770 νέας
483 1706 842 1777 εὐδοξοτάτας
883 1710 1199 1789 παρείχετο,
1247 1707 1466 1767 πάντων
1511 1734 1573 1767 τε
1614 1712 1724 1768 τῶν
1771 1735 1912 1787 συμ-

312 1793 508 1873 μάχων
546 1794 767 1876 γνώμας
807 1795 1040 1874 ἀρίστας
1069 1795 1313 1873 βασιλέϊ
1342 1793 1665 1865 ἀπεδέξατο·
1713 1800 1823 1856 τῶν
1852 1796 1913 1856 δὲ

316 1881 586 1949 κατέλεξα
624 1885 836 1943 πολίων
868 1882 1225 1965 ἡγεμονεύειν
1254 1880 1446 1957 αὐτὴν,
1481 1882 1549 1942 vd
1583 1884 1736 1946 ἔθνος
1775 1882 1911 1943 ἀπο-

314 1969 495 2043 φαίνω
525 1974 639 2029 πᾶν
666 1970 759 2030 ἐὸν
786 1968 1054 2047 Δωρικόν·
1095 1970 1589 2047 Ἀλικαρνησσ-ἣας
1622 1973 1727 2046 μὲν
1752 1976 1909 2048 Τροι-

313 2056 542 2131 ζηνίους,
566 2056 696 2120 τούς
716 2057 776 2117 δὲ
797 2056 1007 2121 ἄλλους
1024 2057 1427 2135 Ἐπιδαυρίους.
1482 2060 1537 2119 ἐς
1552 2058 1657 2133 μὲν
1676 2058 1909 2120 τοσόνδε

311 2142 345 2203 ό
373 2143 624 2208 ναυτικός
651 2171 895 2223 στρατος
921 2146 1150 2223 εἴρηται.

217 2233 334 2291 100
416 2234 626 2311 Ξέρξης
667 2234 744 2304 δὲ,
789 2234 908 2293 ἐπεὶ
961 2232 1246 2343 ηρίθμησέ
1295 2259 1355 2293 τε
1410 2231 1503 2291 καὶ
1556 2228 1821 2311 διετάχθη
1875 2234 1908 2293 ὁ

311 2322 568 2399 στρατός,
613 2320 932 2399 ἐπεθύμησε
976 2322 1141 2385 αυτός
1182 2326 1367 2397 σφεας
1407 2319 1734 2389 διεξελάσας
1782 2319 1907 2395 θεή-

309 2412 542 2469 σασθαι·
583 2410 728 2486 μετά
755 2412 874 2469 δὲ’
849 2412 1027 2471 εποίεε
1058 2412 1249 2477 ταῦτα,
1290 2407 1382 2466 καὶ
1418 2406 1773 2476 διεξελαύνων
1814 2407 1905 2465 ἐπὶ

307 2496 553 2574 ἅρματος
599 2496 754 2576 παρά
795 2499 948 2563 ἔθνος
995 2498 1052 2557 ἓν
1094 2498 1348 2565 ἕκαστον,
1397 2494 1749 2556 ἐπυνθάνετο·
1814 2496 1904 2552 καὶ

306 2583 640 2665 ἀπέγραφον
683 2588 736 2646 οἱ
778 2583 1219 2666 γραμματισταί·
1290 2583 1386 2645 ἔως
1438 2582 1501 2652 ἐξ
1552 2582 1805 2661 ἐσχάτων
1851 2587 1905 2645 ἐς

309 2670 524 2747 ἔσχατα
550 2669 780 2732 ἀπίκετο
807 2674 898 2731 καὶ
924 2676 1026 2747 τῆς
1053 2671 1226 2730 ἵππου
1253 2670 1345 2728 καὶ
1369 2673 1470 2731 τοῦ
1495 2671 1683 2740 πεζοῦ.
1748 2668 1818 2731 ώς
1846 2669 1905 2729 δὲ

304 2754 482 2813 ταῦτα’.
523 2761 576 2816 οἶ
618 2760 932 2833 ἐπεποίητο,
971 2761 1082 2817 τῶν
1121 2761 1257 2817 νεῶν
1294 2752 1809 2819 κατελκυσθεισέων
1850 2762 1904 2820 ἐς

306 2838 626 2913 θάλασσαν,
657 2843 950 2904 ἐνθαῦτα
917 2872 948 2904 ο
975 2844 1186 2921 Ξέρξης
1209 2844 1541 2920 μετεκβας’
1514 2870 1576 2903 εκ
1594 2849 1702 2905 ,τοῦ
1727 2842 1902 2920 ἅρμα-

300 2951 396 2989 τος
437 2932 492 2991 ἐς
531 2930 628 2988 νέα
667 2928 947 3007 Σιδωνίην,
986 2928 1201 3001 ἴζετο“
1168 2930 1277 2991 υπὸ
1314 2933 1497 3008 σκηνῇ
1530 2933 1766 3009 χρυσέῃ·
1810 2932 1902 2989 καὶ

303 3014 585 3118 παρέπλεε
589 3014 763 3122 παραὶ
798 3040 898 3078 τας
933 3016 1156 3093 πρώρας
1190 3019 1301 3075 τῶν
1327 3020 1477 3084 νεῶν,
1508 3022 1813 3094 ἐπειρωτῶν
1839 3044 1901 3076 τε

305 3097 540 3161 ἑκάστας
573 3099 773 3176 ὁμοίως
810 3102 904 3159 καὶ
941 3101 1039 3160 τὸν
1071 3100 1240 3171 πεζον
1281 3102 1373 3158 καὶ
1412 3100 1898 3182 ἀπογραφόμενος·

303 3182 404 3242 τοῖς
429 3183 488 3239 δὲ
513 3184 637 3245 νέας
656 3187 710 3241 οἱ
729 3185 996 3262 ναύαρχοι
1023 3184 1391 3265 ἀναγαγόντες
1410 3185 1551 3247 ὅσον
1569 3214 1631 3248 τε
1651 3190 1899 3265 τέσσερα

305 3266 585 3339 πλέθρα’
548 3266 661 3326 από
686 3272 787 3325 τοῦ
813 3272 1072 3348 αἰγιαλοῦ
1099 3270 1451 3348 ἀνεκώχευον,
1472 3297 1573 3337 τας
1592 3272 1814 3350 πρώρας
1840 3279 1898 3337 ἐς
