2192 3409
300 88 518 153 30-32]
907 88 1315 139 wsspmxopn.
1844 89 1901 136 13

299 170 444 231 νέας·
485 170 684 227 τοῦτον
721 166 794 228 ὧν
829 166 1000 227 δοκέω
1034 166 1135 229 τὸν
1172 166 1343 245 ἄνδρα
1383 164 1643 243 ποιήσειν
1682 169 1793 226 τῶν
1833 164 1901 225 ἂν

299 255 660 335 χρηΐζωμεν.”
687 261 862 316 ταῦτα
883 254 1223 318 ἀκούσαντες
1241 258 1296 315 οἱ
1316 254 1521 325 Νάξιοι
1540 255 1901 332 προσέθεσαν

297 348 378 423 τῷ
415 342 798 423 Ἀρισταγόρῃ
843 344 1126 421 πρήσσειν
1170 339 1211 423 ᾗ
1258 342 1478 403 δύναιτο
1525 339 1751 419 ἄριστα·
1807 342 1900 400 καὶ

299 430 650 511 υπίσχεσθαι
677 432 826 509 δῶρα
855 432 1113 491 ἐκέλευον
1147 432 1239 490 καὶ
1269 430 1519 507 δαπάνην
1543 434 1615 509 τῇ
1642 435 1898 509 στρατιῇ,

301 518 372 583 ὥς
397 518 556 580 αυτοὶ
581 518 959 584 διαλύσοντες·
1001 519 1231 583 ἐλπίδας
1254 518 1479 582 πολλοῖς
1504 518 1798 597 ἕχοντες,’
1766 543 1901 577 οταν

301 607 696 683 ἐπιφανέωι’
671 633 726 671 ες
749 607 854 683 τὴν
879 606 1075 677 Νάξον
1099 606 1284 667 πάντα
1309 596 1567 683 ποιήσειν
1592 606 1721 669 τοῦς
1746 606 1897 675 Ναξ-

301 694 417 757 ίους
449 694 521 755 τοὶ
555 722 624 755 αν
661 695 819 755 αὐτοὶ
859 694 1145 765 κελεύωσι,
1183 694 1254 758 ὣς
1290 694 1354 753 δὲ
1393 694 1486 753 καὶ
1510 682 1650 758 ττούς
1687 693 1899 758 ἄλλους

299 782 592 857 νησιώτας·
637 782 895 864 τῶνγὰρ
935 781 1123 859 νήσων
1160 781 1399 843 τουτέων
1434 784 1545 843 τῶν
1587 780 1897 842 Κυκλάδων

301 867 530 947 οὐδεμία
555 897 630 930 κω
655 870 726 947 ἦν
749 870 859 931 find
887 870 1124 949 Δαρείῳ.

379 955 394 975 2
564 958 580 978 t
801 962 818 983 χ
858 957 873 977 e
893 957 908 977 ι
1186 956 1203 978 e
1333 960 1349 983 2
1449 958 1465 979 κ
1590 956 1607 979 t
1796 960 1813 982 t

397 964 744 1035 Απικομενος
764 959 822 1018 δε
842 985 872 1018 ο
910 963 1304 1039 Αρισταγορης
1324 983 1378 1020 ες
1396 982 1497 1020 τας
1522 958 1725 1035 Σαρδις
1742 962 1895 1039 λεγει
1914 960 1984 1017 31

299 1044 440 1121 πρός
468 1044 568 1105 τὸν
591 1046 988 1124 Ἀρταφέρνεα,
1017 1045 1088 1108 ὥς
1130 1044 1317 1115 Νάξος
1350 1045 1433 1121 εἴη
1458 1048 1631 1121 νῆσος
1661 1046 1895 1127 μεγάθεϊ

300 1134 404 1206 μὲν
438 1131 504 1191 οὖ
545 1133 784 1213 μεγάλη,
823 1132 1010 1195 ἄλλως
1052 1133 1112 1191 δὲ
1155 1131 1305 1209 καλή
1344 1158 1406 1191 τε
1448 1132 1540 1191 καὶ
1575 1130 1761 1213 ἀγαθή
1802 1134 1895 1191 καὶ

301 1218 486 1299 ἀγχοῦ
509 1219 730 1296 Ἰωνίης,
750 1218 1013 1299 χρήματα
1031 1220 1090 1278 δὲ
1112 1221 1187 1279 ἔνι
1207 1220 1418 1291 πολλοὶ,
1444 1220 1536 1278 καὶ
1556 1218 1889 1294 ἀνδράποδα.

304 1317 338 1341 “
355 1306 431 1366 σι)
459 1306 534 1367 ὦν
559 1308 650 1367 ε’πὶ
674 1306 880 1383 ταύτην
897 1307 1000 1382 τὴν
1023 1306 1211 1386 χώρην
1230 1305 1612 1383 στρατηλάτεε
1639 1306 1895 1386 κατάγων

304 1399 358 1457 ἐς
403 1394 574 1471 αὐτὴν
616 1421 746 1458 τους
791 1394 1046 1505 φυγάδας
1093 1395 1157 1463 ἐξ
1201 1394 1389 1471 αὐτῆς·
1445 1396 1537 1454 καὶ
1582 1420 1671 1454 τοι
1717 1400 1893 1455 ταῦτα

301 1482 601 1559 ποιήσαντι
623 1486 790 1542 τοῦτο
822 1483 926 1558 μέν
949 1485 1070 1542 ἐστι
1100 1485 1295 1559 ἑτοῖμα
1324 1482 1453 1561 παρ’
1482 1483 1607 1561 ἐμοὶ
1630 1481 1895 1561 χρήματα

301 1569 526 1650 μεγάλα
587 1568 766 1644 πάρεξ
821 1572 932 1629 τῶν
989 1568 1454 1647 ἀναισιμωμάτων
1502 1574 1579 1651 τῇ
1636 1575 1892 1681 στρατιῇ·

303 1655 500 1735 (ταῦτα
522 1682 626 1732 μεν
641 1683 750 1736 γαρ
771 1656 1016 1716 δίκαια”
979 1658 1157 1734 ημέας
1174 1684 1305 1722 τους
1328 1657 1565 1739 ἄγοντας
1582 1660 1865 1737 παρέχειν·
1868 1661 1893 1738 )

301 1746 467 1803 τοῦτο
479 1745 538 1803 δὲ
553 1744 754 1821 νήσους
769 1744 1159 1822 προσκτήσεαι
1173 1747 1417 1822 βασιλέϊ
1434 1745 1607 1823 αύτήν
1618 1771 1681 1806 τε
1698 1746 1893 1815 Νάξον

302 1832 394 1890 καὶ
417 1831 518 1896 τοὶς
544 1838 603 1891 ἐκ
630 1832 833 1909 ταύτης
856 1832 1187 1910 ἠρτημένας,
1216 1834 1413 1911 Πάρον
1434 1859 1499 1893 τε
1531 1834 1623 1892 καὶ
1650 1832 1893 1911 Ἄνδρον

302 1920 392 1977 καὶ
431 1918 626 2028 αλλας,
662 1921 764 1983 τοὶς
803 1920 1105 1983 Κυκλάδας
1144 1922 1501 1998 καλευμένας·
1516 1913 1793 1981 ἐνθεῦτεν
1830 1922 1889 1980 δὲ

299 2007 658 2085 ὁρμεώμενος,
677 2008 941 2071 εὐπετέως
967 2008 1265 2083 ἐπιθήσεαι
1286 2007 1527 2089 fflssoc'y,
1548 2007 1701 2089 νήσω
1719 2010 1889 2090 μεγά-

297 2099 374 2173 λῃ
392 2122 454 2155 τε
481 2098 572 2154 καὶ
598 2094 894 2173 εὐδαίμονι,
916 2095 1014 2155 οὐκ
1036 2094 1310 2155 ε’λάσσονι
1338 2096 1573 2173 Κύπρου
1599 2098 1693 2156 καὶ
1714 2097 1889 2174 κάρτα

299 2183 514 2242 εὖπετέῖ
537 2185 839 2262 αἱρεθῆναι.
907 2182 1203 2261 ἀποχρῶσι
1235 2184 1294 2243 δὲ
1328 2183 1524 2244 ἔκατόν
1550 2185 1665 2249 νέες
1688 2185 1892 2249 ταύτας

297 2271 486 2335 πάσας
519 2270 954 2351 χειρώσασθαι.”
1021 2270 1054 2331 ὁ
1091 2270 1151 2330 δὲ
1182 2269 1453 2349 ἀμείβετο
1486 2270 1652 2331 αὐτὸν
1677 2273 1888 2332 τοῖσδε·

297 2357 422 2419 “συ
451 2364 506 2423 ἐς
531 2360 684 2419 οἶκον
707 2384 806 2419 τον
828 2360 1109 2435 βασιλέος
1133 2360 1405 2440 ἐξηγητὴς
1428 2385 1607 2440 γινεαι
1632 2361 1890 2440 πρηγμά-

293 2471 403 2507 των
441 2446 680 2528 ἀγαθῶν,
715 2447 806 2506 καὶ
845 2451 1020 2507 ταῦτα
1061 2473 1121 2506 ευ
1160 2447 1473 2525 παραινέεις
1510 2445 1695 2506 πάντα
1735 2448 1893 2523 πλὴν

293 2538 403 2594 τῶν
419 2540 556 2594 νεῶν
575 2538 674 2594 τοῦ
700 2534 958 2613 ἀριθμοῦ·
991 2533 1115 2594 ἀντὶ
1142 2534 1245 2593 δὲ’
1222 2560 1417 2594 εκατον
1436 2537 1587 2604 νεῶν,
1611 2522 1896 2612 διηκόσιαί

292 2647 382 2681 τοι
420 2624 632 2699 ἑτοῖμοι
671 2621 970 2683 ἔσονται”
933 2649 1050 2699 αμα
1087 2626 1166 2701 τῷ
1205 2624 1341 2700 ἔαρι.
1424 2622 1509 2681 δεῖ
1545 2624 1607 2681 δὲ
1640 2624 1891 2683 τούτοισι

295 2712 385 2769 καὶ
421 2710 592 2771 αὐτ-ὃν
630 2712 884 2787 βασιλέα
919 2712 1252 2772 συνέπαινον
1290 2709 1598 2791 γίνεσθαι.”
1676 2711 1745 2771 ‘O
1788 2715 1889 2787 μὲν
1908 2714 1982 2767 32

293 2798 360 2873 δή
401 2798 813 2879 Ἀρισταγόρης
851 2798 922 2861 ὦς
960 2801 1137 2858 ταῦτα
1174 2796 1383 2874 ἤκουσε
1423 2798 1731 2877 περιχαρὴς
1771 2800 1889 2867 ε’ὠν,

293 2885 461 2963 α’π-ήῖε
485 2891 542 2949 ἐς
567 2888 846 2963 Μίλητον·
880 2886 912 2946 ὁ
939 2886 998 2946 δὲ
1023 2884 1423 2963 Ἀρταφέρνης,
1446 2884 1516 2947 ὥς
1538 2889 1591 2943 οἱ
1609 2887 1892 2961 πέμψαντι

294 2977 350 3035 ἐς
398 2974 594 3037 Σοῦσα
637 2974 728 3033 καὶ
773 2974 1064 3051 ὑπερθέντι
1083 3016 1090 3019 -
1109 2973 1183 3033 τοὶ
1231 2977 1291 3031 ἐκ
1334 2976 1437 3031 τοῦ
1480 2970 1893 3050 Ἀρισταγόρεω

291 3060 574 3142 λεγόμενα
619 3062 950 3123 συνέπαινος
1002 3060 1099 3118 καὶ
1148 3058 1315 3121 αὐτὸς
1368 3060 1604 3134 Δαρεῖος
1656 3059 1891 3136 ἐγένετο,

293 3148 758 3226 παρεσκευάσατο
797 3150 900 3224 μὲν
940 3148 1228 3223 διηκοσίας
1265 3145 1537 3222 τριήρεας,
1571 3145 1795 3204 πολλὰν
1834 3142 1895 3203 δὲ

294 3238 470 3312 κάρτα
497 3237 698 3314 ὅμιλον
717 3238 986 3309 Περσέων
1009 3261 1072 3295 τε
1099 3234 1191 3293 καὶ
1215 3236 1326 3293 τῶν
1350 3230 1543 3292 ἄλλων
1560 3233 1891 3310 συμμάχων·

317 3320 356 3359 Γ
383 3354 422 3359 -,,
450 3328 475 3355 o
