2192 3409
281 140 570 203 {ov-109]
976 140 1202 189 EPAm.
1789 144 1885 191 103

286 248 352 281 τε
377 220 626 298 οἰκέομεν
653 220 745 279 καὶ
772 218 903 295 ὖμῖν
940 218 1129 293 τοιήδε
1160 244 1244 283 τις
1276 219 1476 301 γένοιτ’
1504 218 1573 281 ἂν
1604 222 1886 298 ἐπικουρίη

287 308 498 388 ψυχρή·
543 309 782 384 φθαίητε
808 306 920 386 γσῖρ
948 304 1014 365 ἂν
1040 306 1322 371 πολλάκις
1362 308 1888 385 ἐξανδραποδισθέν-

290 423 380 459 τες
405 395 442 471 ἦ
468 422 592 456 τινα
619 396 898 455 πυθέσθαι
924 392 1127 470 ἦμέων·
1171 394 1639 472 συμβουλεύομεν
1668 395 1726 454 δὲ
1758 394 1889 472 ὑμῖν

291 485 480 544 δοῦναι
505 484 676 561 ὑμέας
703 482 900 544 αὐτοῦς
932 480 1302 558 Ἀθηναίοισι,
1329 482 1789 561 πλησιοχώροισί
1821 509 1884 542 τε

291 570 530 649 ἀνδράσι
573 573 664 630 καὶ
708 570 995 646 τιμωρέειν
1043 573 1203 629 ἐοῦσι
1248 568 1313 629 οὗ
1358 570 1631 631 κακοῖσι.”
1710 574 1887 631 ταῦτα

291 658 706 735 συνεβούλευον
759 660 812 716 οἱ
864 657 1309 733 Λακεδαιμόνιοι,
1364 658 1429 719 οὔ
1481 659 1621 719 κατοῖ
1678 659 1891 735 εὐνοίην

293 746 435 806 οὕτω
475 752 583 806 τῶν
610 745 957 814 Πλαταιέων,
986 744 1056 807 ὥς
1095 745 1441 821 βουλόμενοι
1475 747 1603 810 τούς
1636 745 1892 823 Ἀθηναί-

293 860 389 897 ους
426 836 570 913 ἔχειν
609 834 810 896 πόνους
852 836 1233 896 συνεστεῶτας
1268 838 1584 895 Βοιωτοῖσι·
1624 835 1892 894 Λακεδαι-

291 922 478 998 μόνιοι
503 924 606 999 μέν
634 948 728 981 νυν
757 924 1115 980 Πλαταιεῦσι
1153 925 1329 980 ταῦτα
1366 921 1796 999 συνεβούλευον·
1840 924 1893 981 οἳ

294 1009 356 1067 δὲ
399 1010 498 1069 οὐκ
539 1009 880 1085 ἠπίστησαν,
927 1008 1058 1067 ἀλλ’
1102 1008 1409 1083 Ἀθηναίων
1456 1008 1549 1086 ἶρσῖ
1594 1009 1893 1069 ποιεύντων

291 1101 449 1157 τοῖσι
479 1098 684 1156 δώδεκα
713 1098 910 1170 θεοῖσι,
945 1098 1120 1156 ἱκέται
1163 1096 1401 1174 ἱζόμενοι
1442 1098 1533 1157 ἐπὶ
1572 1096 1671 1157 τόν
1694 1095 1895 1172 βωμόν

296 1186 553 1249 ἐδίδοσαν
580 1187 763 1261 σφέας
790 1184 1004 1247 αὐτούς·
1034 1186 1281 1261 Θηβαῖοι
1308 1184 1367 1243 δὲ
1392 1184 1696 1261 πυθόμενοι
1720 1188 1895 1243 ταῦτα

297 1273 695 1349 ἐστρατεύοντο
731 1273 820 1332 ἐπὶ
857 1272 986 1334 τοῦς
1013 1272 1351 1341 Πλαταιέας,
1378 1271 1666 1347 Ἀθηναῖοι
1699 1272 1761 1331 δέ
1784 1278 1897 1347 σφι

299 1360 588 1436 ἐβοήθεον·
630 1361 955 1438 μελλόντων
999 1360 1058 1419 δὲ
1104 1359 1405 1420 συνάπτειν
1445 1360 1652 1440 μάχην,
1696 1362 1896 1437 Κορίν-

295 1448 410 1507 θιοι
439 1447 502 1507 οὗ
530 1449 825 1526 περιεῖδον·
870 1448 1285 1527 παρατυχόντες
1311 1448 1371 1507 δὲ
1397 1448 1489 1507 καὶ
1516 1446 1898 1517 καταλλάξαν-

296 1559 388 1597 τες
430 1536 836 1613 ἐπιτρεψάντων
876 1536 1225 1612 ἀμφοτέρων,
1271 1534 1505 1614 οὔρισαν
1558 1535 1661 1611 τήν
1714 1535 1900 1615 χώρην

299 1624 393 1680 ἐπὶ
430 1623 639 1681 τοῖσδε·
684 1627 778 1681 ἐᾶν
805 1623 1094 1697 Θηβαίους
1122 1626 1380 1682 Βοιωτῶν
1418 1623 1547 1685 τούς
1582 1622 1661 1699 μή
1689 1625 1897 1699 βουλο-

295 1710 496 1785 μένους
523 1716 576 1773 ἐς
597 1710 870 1773 Βοιωτούς
895 1712 1125 1769 τελέειν.
1184 1711 1475 1785 Κορίνθιοι
1501 1714 1605 1788 μὲν
1630 1711 1696 1786 δή
1723 1716 1899 1770 ταῦτα

295 1797 522 1877 γνόντες
541 1797 1012 1857 ἀπαλλάσσοντο·
1053 1797 1407 1874 Ἀθηναίοισι
1434 1799 1495 1857 δὲ
1520 1798 1751 1858 ἀπιοῦσι
1780 1805 1898 1857 ἐπε-

302 1884 541 1959 θήκαντο
563 1887 813 1954 Βοιωτοὶ,
839 1886 1154 1962 ἐπιθέμενοι
1180 1886 1239 1944 δὲ
1268 1886 1607 1961 ἑσσώθησαν
1631 1891 1703 1965 τῇ
1721 1886 1897 1964 μάχῃ·

301 1970 642 2048 ὗπερβάντες
671 1974 730 2031 δὲ
758 1975 810 2031 οἶ
837 1972 1127 2048 Ἀθηναῖοι
1153 1971 1281 2036 τοῦς
1309 1976 1361 2032 οἳ
1382 1974 1671 2050 Κορίνθιοι
1699 1975 1901 2049 ἔθηκαν

303 2063 654 2119 Πλαταιεῦσι
704 2061 841 2119 εἶναι
891 2059 1103 2137 οὔρους,
1148 2060 1377 2123 τούτους
1417 2060 1759 2137 ὑπερβάντες
1802 2062 1899 2122 τὸν

301 2139 561 2206 Ἀσωπὸν
603 2147 774 2207 αὗτδν
820 2146 1367 2225 ἐποιήσαντο.οὗρον
1407 2150 1718 2225 Θηβαίοισι
1765 2151 1904 2226 πρὸς

303 2237 624 2296 Πλαταιέας
652 2234 790 2294 εἶναι
813 2236 904 2294 καὶ
928 2233 1139 2297 Ὑσιάς.
1212 2236 1414 2295 ἔδοσαν
1438 2239 1542 2312 μὲν
1569 2236 1636 2311 δὴ
1666 2240 1718 2295 οἱ
1741 2242 1903 2294 Πλα-

297 2321 477 2382 ταιέες
497 2323 681 2396 σφέας
703 2321 900 2385 αὐτοῦς
925 2321 1278 2398 Ἀθηναίοισι
1302 2322 1489 2403 τρόπῳ
1517 2326 1593 2400 τῷ
1621 2324 1901 2403 εἰρημένῳ·

299 2406 442 2483 ἧκον
481 2407 540 2465 δὲ
579 2408 706 2467 τότε
749 2414 803 2471 ἐς
845 2411 1167 2487 Μαραθῶνα
1206 2410 1559 2486 βοηθέοντες.

385 2499 551 2554 Τοῖσι
578 2496 636 2555 δὲ
661 2495 968 2573 Ἀθηναίων
988 2500 1363 2577 στρατηγοῖσι
1384 2498 1630 2577 ἐγίνοντο
1658 2496 1787 2576 δίχα
1809 2501 1866 2556 αἱ
1886 2500 1997 2557 109

301 2586 533 2663 γνῶμαι,
559 2589 670 2645 τῶν
708 2588 812 2662 μὲν
853 2584 952 2644 οὐκ
995 2584 1205 2645 ἐώντων
1250 2584 1631 2660 συμβάλλειν·
1680 2584 1907 2664 ὀλίγους

301 2671 413 2750 γοὶρ
461 2672 602 2733 εἶναι
643 2678 882 2751 στρατιῇ
921 2676 992 2751 τῇ
1034 2672 1249 2747 Μήδων
1288 2672 1659 2748 συμβαλέειν·
1706 2677 1817 2733 τῶν
1848 2673 1907 2731 δὲ

229 2786 238 2794 ·
305 2758 398 2815 καὶ
435 2760 756 2819 Μιλτιάδεω
795 2760 1151 2820 κελευόντων·
1199 2759 1270 2823 ὥς
1306 2760 1367 2819 δὲ
1396 2759 1530 2838 δίχα
1563 2785 1625 2819 τε
1661 2761 1908 2841 ἐγίνοντο

306 2846 399 2903 καὶ
441 2849 590 2906 ἐνίκα
629 2848 668 2923 ή
707 2849 906 2927 χείρων
943 2851 1055 2907 τῶν
1092 2849 1367 2929 γνωμέων,
1404 2848 1655 2917 ε’νθαῦτα,
1691 2848 1761 2922 ἦν
1799 2848 1908 2928 γὰρ

307 2933 590 2997 ἑνδέκατος
610 2936 1009 3012 ψηφιδοφόρος
1029 2934 1061 2994 ὅ
1080 2939 1159 3013 τῷ
1180 2936 1369 3014 κυάμῳ
1394 2934 1587 3014 λαχῶν
1604 2934 1912 3010 Ἀθηναίων

305 3024 733 3099 πολεμαρχέειν·
775 3023 842 3082 τὸ
876 3023 1125 3082 παλαιὰν
1154 3024 1265 3104 γὰρ
1292 3023 1580 3099 Ἀθηναῖοι
1607 3021 1912 3099 ὁμόψηφον

306 3106 405 3167 τὸν
455 3111 823 3189 πολέμαρχον
869 3114 1153 3169 ἐποιεῦντο
1198 3114 1353 3171 τοῖσι
1399 3113 1787 3189 στρατηγοῖσι,
1842 3110 1912 3185 ἦν

309 3194 369 3253 δὲ
406 3194 536 3255 τότε
569 3198 930 3276 πολέμαρχος
967 3198 1347 3277 Καλλίμαχος
1376 3197 1718 3274 Ἀφιδναῖος·
1773 3197 1915 3274 πρός

308 3285 507 3369 τοῦτον
545 3282 726 3344 ἐλθών
764 3284 1080 3360 Μιλτιάδης
1122 3286 1282 3365 ἔλεγε
1320 3286 1469 3346 τάδε·
1511 3296 1547 3323 “
1564 3289 1622 3346 ἐν
1662 3286 1760 3345 σοὶ
1798 3288 1912 3355 νῦν,
