2192 3409
0 3296 124 3357 R

297 110 362 159 94
901 106 1270 157 ἨΡΟΔΟΤΟΤ
1772 106 1849 171 [V
1850 106 1899 157 Ι.

295 188 430 266 ὑμῖν
455 186 862 266 ἀναβάλλομαι
893 187 1164 265 κυρῶσειν
1198 191 1257 251 ἐς
1296 185 1563 264 τέταρτον
1601 190 1779 263 μῆνα
1788 185 1904 249 α’πο

297 278 479 339 τοῦδε.
563 280 618 337 οἶ
655 279 762 353 μὲν
804 275 873 353 δη
912 275 1195 350 Μιλήσιοι
1238 272 1546 351 συμφορην
1584 274 1903 350 ποιεύμενοι

298 363 766 434 ἀπαλλάσσοντο,
815 363 886 426 ὥς
939 362 1379 439 ἀπεστερημένοι
1424 364 1535 421 τῶν
1580 361 1901 472 χρημάτων·

299 456 552 515 Γλαῦκος
593 451 652 511 δὲ
697 449 988 528 ἐπορεύετο
1031 455 1085 513 ἐς
1123 450 1390 525 Δελφούς
1430 448 1781 528 χρησόμενος
1820 456 1901 529 τῷ

297 539 640 617 χρηστηρίω·
685 541 1062 615 ἐπειρωτῶντα
1089 538 1149 595 δὲ
1175 536 1346 597 αυτὸν
1378 536 1446 597 τὸ
1470 535 1817 645 χρηστήριον
1855 543 1903 597 εἰ

299 626 443 705 ὅρκῳ
488 652 560 685 τα
603 624 868 704 χρήματα
914 625 1209 701 ληΐσεταις
1259 623 1297 699 ἦ
1346 625 1533 701 Πυθίη
1572 624 1901 704 μετέρχεται

297 713 491 773 τοῖσδε
529 716 683 773 τοῖσι
726 715 904 773 ἔπεσι·

397 823 577 874 Γλαῦκ’
603 825 920 885 Ἐπικυδείδη,
959 826 1018 874 τὸ
1047 828 1138 884 μὲν
1170 826 1347 873 αὐτίκα
1379 826 1558 887 κέρδιον
1588 824 1714 874 οὕτω

397 900 520 960 ὅρκῳ
541 900 748 957 νικῆσαι,
787 900 868 947 καὶ
899 900 1133 959 χρήματα
1165 898 1475 957 ληΐσσασθαι.

400 971 534 1028 ὄμνυ·
571 970 678 1018 ἐπεὶ
711 970 911 1019 θάνατός
942 988 1004 1031 ’γε
1037 971 1120 1018 καὶ
1154 973 1343 1031 εὔορκον
1372 972 1501 1028 μένει
1532 968 1695 1030 ἄνδρα.

398 1042 508 1089 ἀλλ’
533 1042 708 1104 Ὅρκον
742 1043 854 1091 πάϊς
888 1043 1020 1090 ἐστὶν
1053 1043 1304 1100 ἀνώνυμος·
1342 1041 1441 1089 οὐδ’
1472 1042 1552 1089 ἔπι
1582 1042 1753 1102 χεῖρες,

399 1115 506 1163 οὐδὲ
539 1114 695 1163 πόδες·
731 1114 952 1176 κραιπνὸς
986 1114 1037 1161 δὲ
1064 1114 1369 1174 μετέρχεται,
1410 1114 1565 1161 εἰσόκε
1598 1113 1762 1161 πᾶσαν

395 1186 686 1248 συμμάρψας
719 1186 877 1234 ὀλέσει
907 1186 1092 1245 γενεὴν,
1133 1186 1214 1233 καὶ
1246 1186 1371 1233 οἷκον
1404 1185 1612 1233 ἅπαντα.

397 1256 561 1321 ἀνδρὸς
595 1257 636 1306 δ’
669 1258 859 1320 εὐόρκου
889 1259 1034 1319 ’γενεὴ
1064 1257 1358 1315 μετόπισθεν
1390 1258 1603 1315 ἀμείνων.

299 1340 474 1397 ταῦτα
501 1336 747 1400 οἰκούσας
773 1336 806 1397 ὁ
834 1341 1087 1399 Γλαῦκος
1114 1335 1452 1417 συγγνώμην
1487 1337 1586 1395 τὸν
1627 1335 1755 1396 θεὸν
1794 1362 1899 1395 πα-

301 1426 550 1500 ραιτέετο
577 1424 722 1503 αὐτῷ
747 1425 931 1503 ἴσχειν
949 1429 1060 1483 τῶν
1077 1424 1373 1500 ῥηθέντων·
1414 1423 1452 1499 ἦ
1478 1424 1538 1483 δὲ
1558 1426 1745 1499 Πυθίη
1768 1426 1895 1499 ἔφη,

301 1509 367 1569 τό
405 1511 732 1587 πειρηθῆναι
766 1514 866 1569 τοῦ
904 1512 1033 1570 θεοῦ
1071 1511 1165 1570 καὶ
1202 1512 1269 1573 vd
1310 1516 1545 1588 ποιῆσαι
1584 1512 1714 1571 ἶσον
1741 1512 1895 1571 δύνα-

303 1598 458 1657 σθαι.
528 1602 782 1661 Γλαΰκος
806 1600 909 1673 μὲν
936 1598 1004 1674 δη
1030 1598 1534 1677 μεταπεμψάμενος
1555 1599 1685 1663 τούς
1712 1604 1895 1675 Μιλην

303 1685 461 1747 σίους
501 1684 723 1754 ξείνους,
769 1684 1024 1745 ἀποδιδοῖ
1067 1692 1183 1761 σφι
1222 1712 1295 1745 τα
1321 1687 1616 1775 χρήματα.
1697 1691 1796 1748 τοῦ
1839 1688 1898 1746 δὲ

305 1771 482 1831 εἵνεκα
525 1771 556 1831 ὁ
597 1772 769 1853 λόγος
811 1771 988 1843 ὅδε,’
947 1800 989 1831 ω
1025 1764 1330 1849 Ἀθηναῖοι,
1358 1774 1589 1850 ωρμήθη
1628 1775 1897 1855 λέγεσθαι

304 1864 360 1921 ἐς
397 1858 583 1936 υμέας,
611 1859 910 1935 εἰρήσεται·
952 1860 1211 1921 Γλαυκου
1252 1865 1347 1921 νῦν
1388 1860 1513 1922 οὔτε
1536 1888 1592 1923 τι
1618 1861 1899 1942 ἀπόγονόν

304 1950 429 2005 ἐστι
455 1945 610 2006 ουδὲν
637 1946 750 2007 οὔτ’
771 1948 924 2025 ιστίη
950 1947 1179 2024 ουδεμία
1206 1949 1612 2026 νομιζομένη’
1559 1974 1697 2009 ειναι
1716 1948 1897 2007 Γλαύ-

301 2059 417 2092 κου·
465 2034 815 2111 ἐκτέτριπταί
849 2060 913 2094 τε
953 2035 1250 2113 πρόρριζος
1290 2042 1352 2095 ἐκ
1395 2036 1668 2115 Σπάρτης.
1756 2036 1899 2097 οὕτω

301 2120 514 2201 οἷγαθὸν
551 2122 693 2198 μηδὲ
729 2122 1076 2184 διανοέεσθαι
1103 2125 1233 2201 περὶ
1260 2123 1589 2201 παραθήκης
1622 2123 1773 2184 ἄλλο
1814 2150 1896 2204 γε,

300 2207 338 2284 ἢ
365 2208 734 2272 ἀπαιτεόντων
765 2208 1138 2271 α’ποδιδόναι.”
1218 2212 1563 2292 Λευτυχίδης
1598 2215 1702 2288 μὲν
1743 2213 1900 2276 εἴπας

298 2303 492 2369 ταῦτα,
520 2298 590 2363 ὦς
615 2302 670 2359 οἶ
695 2298 820 2359 οὐδὲ
845 2298 986 2359 οὕτω
1013 2300 1284 2377 ἐσήκουον
1310 2304 1364 2359 οἱ
1388 2300 1690 2376 Ἀθηναῖοι,
1716 2299 1897 2359 ἀπαλ-

303 2387 578 2448 λάσσετο.

208 2476 282 2534 87
385 2478 458 2535 Οἱ
493 2477 552 2535 δὲ
579 2480 886 2557 Αἰγινῆται,
923 2476 1056 2553 πρὶν
1088 2479 1200 2536 τῶν
1240 2473 1513 2552 πρότερον
1548 2476 1899 2551 ἀδικημάτων

303 2562 492 2621 δοῦναι
527 2563 680 2626 δίκας
715 2568 826 2623 τῶν
866 2568 921 2626 ἐς
945 2563 1274 2639 Ἀθηναίους
1312 2562 1562 2641 ὕβρισαν
1586 2564 1900 2641 Θηβαίοισι

299 2648 670 2727 χαριζόμενοι,
725 2652 996 2726 ἐποίησαν
1051 2651 1285 2712 τοιόνδε·
1341 2652 1696 2731 μεμφόμενοι
1746 2656 1901 2713 τοῖσι

300 2735 650 2811 Ἀθηναίοισι
680 2740 772 2797 καὶ
808 2736 1087 2808 ἀξιοῦντες
1129 2740 1464 2811 ἀδικέεσθαι,
1492 2740 1567 2805 ὥς
1589 2740 1899 2818 τιμωρησό-

299 2848 458 2899 μενοι
497 2824 628 2888 τούς
650 2824 978 2902 Ἀθηναίους
1014 2828 1515 2904 παρεσκευάζοντο·
1559 2830 1650 2887 καὶ
1685 2828 1756 2904 ἦν
1790 2828 1899 2909 γὰρ

301 2912 370 2987 δή
409 2915 564 2971 τοῖσι
595 2910 949 2987 Ἀθηναίοισι
987 2916 1307 2991 πεντετηρὶς
1347 2918 1439 2975 ἐπὶ
1472 2918 1696 2994 Σουνίῳ,
1724 2914 1901 2993 λοχῆ·

301 3024 502 3062 σαντες
545 2999 619 3059 ὧν
657 2998 762 3073 τὴν
804 3000 1034 3077 θεωρίδα
1077 3004 1183 3075 νῆα
1232 3002 1384 3061 εἷλον
1424 3002 1644 3078 πλήρεα
1689 3002 1901 3080 ἀνδρῶν

301 3090 411 3144 τῶν
455 3086 685 3161 πρώτων
724 3084 1049 3159 Ἀθηναίων·
1089 3086 1367 3162 λαβόντες
1408 3088 1468 3147 δε
1510 3114 1640 3152 τους
1681 3088 1897 3167 ἄνδρας,

211 3170 286 3225 88
307 3168 526 3240 ἔδησαν.
609 3170 894 3243 Ἀθηναῖοι
921 3172 979 3231 δὲ
1005 3171 1277 3235 παθόντες
1300 3198 1476 3231 ταυτα
1510 3176 1651 3249 πρὸς
1676 3180 1898 3280 Αἰγινη-

304 3252 455 3317 τέων,
501 3254 683 3311 ουκέτι
725 3253 1113 3326 ἀνεβάλλοντο
1158 3282 1239 3331 μη
1285 3282 1349 3316 ου
1387 3259 1453 3317 τό
1496 3264 1609 3318 πᾶν
1650 3285 1897 3337 μηχανη-
