2192 3409
311 82 374 131 16
909 79 1275 132 ἮΡοΔοωοϊ
1818 81 1906 148 [V.

307 160 686 243 Ἀρισταγόρῃ
728 162 788 221 δὲ
817 162 1125 223 συνέπιπτε
1154 164 1255 222 τοῦ
1290 159 1461 221 αὐτοῦ
1492 161 1699 240 χρόνου
1730 164 1914 225 πάντα

306 253 481 310 ταῦτα
515 249 884 311 συνελθόντα.
969 248 1306 326 ἐβουλεύετο
1346 248 1419 309 ὧν
1454 250 1599 326 μετὰ
1632 253 1743 311 τῶν
1777 278 1913 313 στα-

309 339 566 408 σιωτέων,
589 337 832 415 ἐκφῄνας
855 337 960 414 τήν
979 364 1042 398 τε
1069 341 1270 398 ἑωυτοῦ
1296 336 1521 418 γνώμην
1542 338 1635 396 καὶ
1661 338 1734 398 τοὶ
1761 339 1911 416 παρὰ

227 429 236 435 ’
303 430 404 484 τοῦ
451 425 720 485 Ἱστιαίου
765 425 1063 506 ἀπιγμένα·
1120 429 1173 485 οἱ
1221 427 1325 502 μὲν
1372 425 1441 500 δή
1492 423 1663 485 ἄλλοι
1708 426 1913 492 πάντες

303 513 530 593 γνώμην
579 513 718 572 κατὰ
760 513 936 573 τώυτό
985 514 1333 589 ἐξεφέροντο,
1376 512 1697 578 κελεύοντες
1742 513 1909 575 ἀπίσ-

303 602 531 662 τασθαι·
584 601 875 667 Ἑκαταῖος
915 602 974 661 δὲ
1015 600 1047 661 ὅ
1087 599 1395 680 λογοποιός
1433 603 1629 675 πρῶτα
1666 604 1771 679 μὲν
1808 603 1909 664 ofin
1988 664 1999 673 ,

304 691 367 747 ἔα
424 690 678 767 πόλεμον
732 690 976 765 βασιλέϊ
1035 692 1146 749 τῶν
1204 688 1473 764 Περσέων
1534 686 1906 765 ἀναιρέεσθαι,

304 778 624 857 καταλέγων
649 775 721 836 τά
751 801 816 836 τε
847 777 1003 835 ἔθνεα
1030 775 1215 835 πάντα
1240 779 1350 835 τῶν
1375 774 1517 854 ἦρχε
1543 781 1782 853 Δαρεῖος
1815 780 1907 837 καὶ

299 864 402 939 τὴν
443 865 674 941 δύναμιν
715 862 904 923 αὐτοῦ·
948 864 1074 922 ἐπεί
1110 888 1171 922 τε
1212 864 1272 922 δὲ
1312 862 1412 923 οὐκ
1452 864 1651 934 ἔπειθε,
1682 863 1907 942 δεύτερα

301 952 681 1028 συνεβούλευε
711 952 918 1012 ποιέειν
953 950 1092 1013 ὅκως
1123 950 1449 1028 ναυκράτεες
1472 956 1575 1027 τῆς
1606 952 1907 1029 θαλάσσης

300 1040 543 1099 ἔσονται·
587 1038 776 1103 ἄλλως
806 1039 911 1116 μέν
939 1064 1037 1099 νυν
1069 1038 1323 1116 οὖδαμῶς
1360 1040 1471 1115 ἔφη
1498 1041 1680 1121 λέγων
1712 1046 1907 1117 ε’νορᾶν

298 1127 568 1205 ἐσόμενον
607 1132 793 1187 τοῦτο·
843 1127 1189 1187 ἐπίστασθαι
1226 1127 1340 1208 γὰρ
1387 1128 1492 1203 τήν
1532 1127 1763 1205 δύναμιν
1800 1128 1905 1203 τήν

298 1218 601 1293 Μιλησίων
629 1220 834 1277 ἐοῦσαν
859 1215 1121 1277 ἀσθενέα·
1165 1218 1213 1274 εἰ
1241 1216 1300 1274 δὲ
1324 1215 1397 1275 τὰ
1428 1214 1694 1293 χρήματα
1720 1242 1903 1275 καται-

295 1306 482 1382 ρεθείη
501 1303 572 1364 τοὶ
602 1310 662 1365 ἐκ
688 1310 788 1366 τοῦ
819 1308 939 1382 ἱροῦ
958 1308 1061 1365 τοῦ
1085 1308 1145 1363 ἐν
1170 1302 1526 1383 Βραγχίδῃσι
1551 1302 1623 1361 τοὶ
1652 1307 1905 1379 Κροῖσος

297 1391 330 1450 ὁ
357 1393 538 1455 Λυδὸς
571 1392 816 1468 α’νέθηκε,
845 1391 1070 1455 πολλσῖς
1101 1391 1217 1471 εἶχε
1245 1390 1474 1451 ἐλπίδας
1504 1389 1899 1467 ἐπικρατήσειν

296 1483 396 1554 τῆς
437 1479 754 1554 θαλάσσης·
806 1479 898 1538 καὶ
939 1478 1082 1538 οὕτω
1123 1477 1322 1541 αὐτούς
1360 1503 1423 1537 τε
1464 1476 1606 1546 ἕξειν
1644 1476 1903 1556 χρήμασι

295 1567 547 1645 χρᾶσθαι
573 1566 665 1625 καὶ
694 1566 826 1629 τούς
856 1567 1162 1642 πολεμίους
1198 1565 1263 1625 οὗ
1296 1564 1575 1641 συλήσειν
1600 1564 1761 1625 αὖτέ..
1828 1566 1901 1625 τοῖ

296 1654 357 1713 δὲ
387 1653 651 1733 χρήματα
681 1654 751 1730 ἦν
781 1658 959 1715 ταῦτα
991 1654 1243 1735 μεγάλα,
1262 1653 1334 1716 ὥς
1370 1652 1675 1728 δεδήλωται
1710 1680 1807 1731 μοι
1844 1660 1903 1715 ἐν

293 1746 370 1821 τῷ
407 1740 606 1821 πρώτῳ
645 1746 755 1801 τῶν
793 1742 998 1823 λόγων.
1081 1741 1221 1817 αὕτη
1262 1742 1369 1818 μὲν
1412 1740 1481 1816 δή
1525 1739 1623 1800 οὐκ
1673 1742 1824 1801 ἐνίκα
1862 1741 1901 1816 ἦ

292 1830 502 1909 γνώμη·
557 1830 739 1889 ἐδόκεε
779 1830 838 1889 δὲ
879 1829 1026 1907 ὅμως
1067 1830 1439 1898 α’πίστασθαι,
1484 1828 1580 1888 ἕνα
1618 1854 1682 1888 τε
1722 1828 1902 1888 αὐτῶν

295 1916 604 1978 πλώσαῗκτα
645 1923 699 1981 ἐς
739 1922 1008 1977 Μυοῦντα
1047 1922 1105 1981 ἐς
1142 1917 1209 1977 τό
1250 1916 1632 1994 στρατόπεδον
1674 1915 1743 1977 ra
1784 1915 1899 1976 ἀπό

291 2010 393 2082 τῆς
418 2006 612 2076 Νάξου
639 2005 906 2076 α’πελθὸν,
929 2006 1020 2065 ἐόν
1048 2006 1301 2075 ἐνθαῦτα,
1324 2004 1757 2081 συλλαμβάνειν
1782 2029 1899 2063 πει-

291 2096 502 2171 ρᾶσθαι
533 2096 663 2157 τούς
695 2095 785 2153 ἐπὶ
814 2098 926 2154 τῶν
958 2098 1094 2154 νεῶν
1130 2094 1497 2155 ἐπιπλέοντας
1528 2094 1898 2175 στρατηγούς.

200 2183 272 2242 37
292 2181 793 2260 Ἀποπεμφθέντος
819 2182 878 2241 δὲ
900 2182 1271 2263 Ἰητραγόρεω
1299 2180 1417 2241 κατ’
1440 2180 1575 2239 ada-6
1602 2186 1784 2251 τοῦτο,
1806 2183 1900 2241 καὶ

293 2271 692 2348 συλλαβόντος
733 2271 878 2349 δόλῳ
914 2268 1183 2330 Ὀλίατον
1222 2268 1555 2346 Ἰβανώλιος
1596 2270 1898 2338 Μυλασέα,

293 2361 384 2418 καὶ
399 2359 668 2421 Ἱστιαῖον
683 2359 908 2437 Τύμνεω
926 2358 1226 2435 Τερμερέα,
1246 2357 1337 2415 καὶ
1354 2354 1525 2432 Κώην
1538 2355 1897 2433 Ἑρξάνδρεω,

291 2451 368 2524 τῷ
388 2452 624 2525 Δαρεῖος
649 2446 983 2521 Μυτιλήνην
1003 2437 1342 2521 ἐδωρήσατο,
1366 2444 1460 2503 καὶ
1484 2442 1901 2523 Ἀρισταγόρην

289 2532 666 2612 Ἡρακλείδεω
701 2537 975 2611 Κυμαῖον,
1005 2533 1099 2591 καὶ
1128 2531 1342 2595 ἄλλους
1373 2530 1632 2610 συχνοῦς,
1660 2530 1802 2590 οὕτω
1828 2529 1899 2606 δὴ

292 2625 353 2680 ἐκ
378 2625 479 2681 τοῦ
508 2621 783 2697 ἐμφανέος
809 2621 841 2681 ὁ
865 2618 1277 2700 Ἀρισταγόρης
1308 2619 1639 2695 α’πεστήκεε,
1664 2622 1781 2680 πᾶν
1808 2619 1901 2678 ἐπὶ

294 2708 511 2786 Δαρείῳ
545 2707 960 2786 μηχανώμενος.
1028 2707 1123 2766 καὶ
1162 2711 1357 2782 πρῶτα
1393 2704 1498 2783 μὲν
1534 2704 1687 2786 λόγῳ
1717 2706 1901 2782 μετεὶς

291 2796 397 2872 τήν
434 2795 727 2872 τυραννίδα
768 2797 1059 2872 ἰσονομίην
1095 2794 1277 2853 ἐποίεε
1314 2798 1387 2872 τῇ
1429 2792 1686 2871 Μιλήτῳ,
1724 2792 1795 2855 ώς
1832 2791 1901 2853 ἂν

295 2883 506 2945 ἑκόντες
542 2881 688 2961 αὐτῷ
725 2885 778 2941 οἷ
814 2882 1099 2957 Μιλήσιοι
1126 2882 1607 2953 συναπισταίατο·
1648 2880 1791 2957 μετὰ
1823 2880 1899 2951 δὲ,

296 2972 388 3028 καὶ
423 2976 482 3029 ἐν
511 2974 584 3049 τῇ
609 2968 764 3046 ἄλλῃ
788 2967 967 3045 Ἰωνίῃ
991 2967 1171 3027 τώυτό
1207 2971 1374 3027 τοῦτο
1408 2968 1605 3036 ἐποίεε,
1632 2968 1763 3030 τούς
1798 2971 1901 3043 μὲν

298 3056 599 3123 ἐξελαύνων
636 3060 748 3115 τῶν
785 3055 1079 3133 τυράννων,
1120 3054 1269 3116 τούς
1297 3053 1342 3112 δ’
1386 3056 1563 3129 ἔλαβε
1605 3054 1901 3132 τυράννους

297 3139 410 3199 ἀπὸ
441 3144 550 3200 τῶν
580 3146 716 3201 νεῶν
746 3144 856 3200 τῶν
889 3140 1378 3216 συμπλευσασέων
1410 3141 1502 3199 ἐπὶ
1538 3140 1751 3210 Νάξον,
1778 3142 1903 3200 τού-

297 3250 427 3287 τους
472 3226 531 3287 δὲ
577 3228 724 3300 φίλα
770 3226 1129 3301 βουλόμενος
1174 3224 1465 3285 ποιέεσθαι
1507 3230 1645 3303 τῇσι
1696 3224 1903 3289 πόλισι
