2192 3409
312 87 376 135 12
919 82 1287 135 ἭΡοΔοτοτ
1810 86 1906 153 [V.

307 164 593 243 ρημένους,
632 166 856 242 ἔφασαν
893 163 1073 224 αὖτῶν
1106 162 1428 240 βούλεσθαι
1462 163 1765 234 διεξελθεῖν
1802 168 1908 243 τήν

310 252 518 332 χώρην·
553 254 834 315 ποιεῦντες
860 252 921 311 δὲ
943 254 1135 321 ταῦτα,
1165 251 1258 310 καὶ
1282 250 1571 322 διεξιόντες
1594 257 1788 314 πᾶσαν
1805 256 1909 331 τήν

311 342 622 417 Μιλησίην,
651 339 789 403 ὅκως
823 339 948 401 τινᾶ
982 339 1151 401 ἴδοιεν
1187 343 1245 399 ἐν
1280 338 1615 419 άνεσπηκυίῃ
1649 344 1723 419 τῇ
1751 341 1907 421 χώρῃ

309 426 482 507 οἷγρόν
509 427 568 486 εὖ
601 428 1024 508 ἐξεργασμένον,
1053 427 1451 509 ἅπεγραφέατο
1476 427 1543 488 τὸ
1571 426 1783 507 οὕνομα
1806 430 1907 489 τοῦ

308 513 591 575 δεσπότεω
629 519 731 575 τοῦ
771 514 968 597 άγροΰ·
1014 514 1438 586 διεξελάσαντες
1474 514 1536 573 δὲ
1572 519 1767 577 πᾶσαν
1803 517 1909 592 τήν

307 602 494 680 χώρην
534 604 626 663 καὶ
665 604 938 668 τπανίους
978 602 1228 680 εὑρόντες
1265 602 1509 676 τούτους,
1551 601 1623 667 ὥς
1658 603 1907 683 τάχιστα

308 690 635 766 κατέβησαν
660 696 716 755 ἐς
742 690 808 772 τὰ
835 690 998 761 ἄστυ,
1025 690 1195 767 οἷλίην
1219 690 1609 769 ποιησάμενοι,
1636 690 1908 763 ἀπέδεξαν

305 776 536 841 τούτους
564 782 667 855 μὲν
691 778 797 855 τήν
822 778 993 840 πόλιν
1017 779 1201 856 νέμειν
1225 782 1335 840 τῶν
1360 775 1520 856 εὗρον
1542 778 1673 842 τούς
1702 778 1908 860 άγρούς

307 863 367 923 εὖ
423 866 879 948 ἐξεργασμένους·
947 867 1156 927 δοκέειν
1206 866 1317 949 γὰρ
1372 868 1597 943 ἔφασαν
1650 867 1743 926 καὶ
1798 872 1907 926 τῶν

307 952 592 1029 δημοσίων
618 954 760 1015 οὕτω
786 954 856 1031 δή
887 962 1074 1031 σφεας
1100 954 1550 1031 ἐπιμελήσεσθαι
1576 953 1767 1030 ὥσπερ
1798 960 1906 1014 τῶν

307 1042 617 1120 σφετέρων·
671 1042 802 1107 τούς
855 1043 915 1103 δὲ
961 1042 1173 1106 ἅλλους
1226 1042 1549 1119 Μιλησίους
1599 1041 1730 1105 τούς
1774 1044 1907 1120 πρὶν

307 1130 717 1213 στασιάζοντας
740 1130 948 1192 τούτων
974 1130 1173 1201 ἔταξαν
1192 1131 1507 1192 πείθεσθαι.
1568 1130 1779 1208 Πάριοι
1801 1131 1906 1207 μέν

211 1218 286 1274 30
307 1242 402 1279 νυν
422 1220 566 1279 οὕτω
585 1221 909 1296 Μιλησίους
929 1218 1290 1297 κατήρτισαν.
1348 1218 1490 1278 Τότε
1510 1216 1571 1276 δὲ
1590 1221 1651 1275 ἐκ
1670 1218 1907 1278 τουτέων

303 1310 412 1365 τῶν
430 1309 644 1367 πολίων
665 1306 769 1367 ὦδε
793 1306 1000 1389 ἤρχετο
1027 1308 1171 1367 κακὰ
1194 1306 1550 1389 γίνεσθαιτῇ
1576 1304 1775 1383 Ἰωνίῃ.
1845 1311 1906 1365 ἐκ

305 1393 498 1461 Νάξου
541 1396 750 1474 ἔφυγον
789 1395 982 1470 ἄνδρες
1020 1399 1133 1456 τῶν
1160 1395 1387 1474 παχέων
1417 1391 1527 1452 ὖπό
1562 1396 1667 1451 τοῦ
1707 1392 1905 1469 δήμου·

306 1477 580 1559 φυγόντες
597 1480 666 1537 δὲ
692 1479 959 1539 ἀπίκοντο
988 1486 1042 1543 ἐς
1073 1484 1355 1559 Μίλητον.
1420 1484 1524 1557 τῆς
1548 1480 1610 1539 δὲ
1643 1480 1907 1556 Μιλήτου

307 1565 577 1646 ἐτύγχανε
593 1568 890 1643 ἐπίτροπος
905 1566 1008 1626 ἐών
1020 1565 1433 1648 Ἀρισταγόρης
1444 1568 1476 1629 ὅ
1495 1567 1905 1649 Μολπαγόρεω,

306 1653 568 1732 γαμβρός
584 1678 646 1713 τε
668 1652 770 1713 ἐών
786 1654 879 1712 καὶ
893 1652 1123 1731 ἀνεψιός
1140 1653 1411 1713 Ἱστιαίου
1428 1660 1529 1715 τοῦ
1545 1654 1905 1736 Λυσαγόρεω,

303 1740 406 1801 τᾶν
433 1740 466 1800 ὁ
494 1745 732 1819 Δαρεῖος
769 1747 826 1802 ἐν
861 1740 1140 1805 Σούσοισι
1168 1745 1407 1819 κατεῖχε·
1450 1741 1483 1800 ὅ
1510 1741 1621 1820 γὰρ
1644 1742 1909 1805 Ἱστιαῖος

303 1826 568 1905 τύραννος
586 1828 657 1905 ἦν
677 1828 957 1905 Μιλήτου,
977 1830 1068 1888 καὶ
1089 1829 1359 1910 ἐτύγχανε
1377 1831 1580 1888 τοῦτον
1592 1826 1691 1887 τόν
1704 1826 1908 1905 χρόνον

307 1914 412 1975 ἐῶν
452 1922 510 1976 ἐν
551 1915 825 1982 Σούσοισι
855 1916 960 1976 ὅτε
1002 1920 1057 1976 οἶ
1098 1915 1305 1985 Νάξιοι
1336 1914 1533 1989 ἦλθον,
1572 1913 1738 1984 ξεῖνοι
1776 1916 1908 1991 πρὶν

306 2001 487 2067 ἐόντες
516 2008 594 2084 τῷ
623 2003 888 2083 Ἱστιαίῳ·
932 2002 1260 2080 ἀπικόμενοι
1296 2001 1356 2061 δὲ
1392 2004 1447 2060 οἶ
1482 2000 1688 2071 Νάξιοι
1720 2006 1776 2064 ἐς
1805 2001 1910 2077 τήν

307 2091 588 2167 Μίλητον,
618 2092 835 2155 ἐδέοντο
864 2096 968 2152 τοῦ
1002 2088 1433 2170 Ἀρισταγόρεω,
1466 2090 1517 2147 εἴ
1549 2114 1653 2151 κως
1684 2087 1907 2149 αὗτοῖσι

303 2178 595 2258 παράσχοι
615 2178 846 2257 δύναμίν
865 2204 1005 2249 τινα,
1025 2179 1119 2237 καὶ
1139 2178 1461 2238 κατέλθοιεν
1480 2181 1537 2241 ἐς
1554 2176 1659 2253 τήν
1680 2180 1905 2237 ἑωυτῶν·

305 2265 338 2326 ό
367 2266 426 2326 δὲ
452 2266 845 2343 ἐπιλεξάμενος
873 2266 944 2330 ὥς
965 2266 1036 2343 ἢν
1060 2265 1131 2325 δι’
1152 2269 1353 2327 ἐωυτοΰ
1380 2266 1695 2325 κατέλθωσι
1723 2269 1777 2327 ἐς
1802 2265 1909 2341 τήν

305 2354 478 2416 πόλιν
516 2353 669 2435 ἄρξει
705 2356 808 2430 τῆς
839 2354 1051 2424 Νάξου,
1085 2356 1301 2432 σκῆψιν
1340 2352 1401 2411 δὲ
1440 2351 1767 2429 ποιεύμενος
1804 2352 1907 2430 τήν

305 2442 510 2519 ξεινίην
539 2443 645 2519 τὴν
673 2442 960 2515 Ἱστιαίου,
994 2436 1157 2502 τόνδε
1196 2446 1309 2516 σφι
1347 2440 1525 2521 λόγον
1563 2441 1905 2518 προσέφερε·

307 2539 344 2563 “
360 2528 525 2593 αὐτὰς
547 2532 652 2607 μὲν
669 2518 803 2606 ὖμῗν
821 2528 886 2589 οὗ
908 2527 1219 2611 φερέγγυός
1244 2532 1357 2605 εἶμι
1376 2526 1608 2605 δύναμιν
1626 2528 1909 2603 τοσαύτην

307 2620 641 2696 παρασχεῖν,
675 2616 820 2677 ὥστε
857 2616 1119 2696 κατάγειν
1148 2614 1420 2676 ἀεκόντων
1452 2619 1563 2675 τῶν
1596 2614 1701 2691 τήν
1736 2614 1910 2676 πόλιν

310 2701 550 2781 ἐχόντων
599 2704 843 2774 Ναξίων·
904 2703 1257 2781 πυνθάνομαι
1312 2702 1425 2785 γὰρ
1478 2701 1911 2782 όκτακισχιλίην

307 2788 523 2850 α’σπίδα
575 2792 845 2863 Ναξίοισι
897 2792 1052 2863 εἶναι,
1103 2792 1195 2851 καὶ
1240 2793 1419 2851 πλοῖα
1460 2791 1649 2868 μακρά
1693 2794 1908 2849 πολλα·

307 2879 714 2958 μηχανήσομαι
739 2880 798 2940 δὲ
814 2882 1010 2941 πᾶσαν
1027 2880 1284 2957 σπουδὴν
1302 2879 1646 2957 ποιεύμενος·
1683 2880 1911 2939 ἐπινοέω

310 2968 370 3027 δὲ
393 2968 544 3047 τῇδε·
583 2966 968 3045 Ἀρταφέρνης
997 2994 1099 3046 μοι
1126 2967 1390 3049 τυγχάνει
1424 2967 1526 3027 ε’ὣν
1554 2968 1743 3043 φίλος·
1786 2965 1817 3025 ὁ
1852 2966 1911 3025 δὲ

307 3054 646 3117 Ὑστάσπεω
675 3056 779 3132 μέν
809 3061 932 3116 ἐστι
967 3056 1101 3121 πάϊς
1128 3055 1369 3134 Δαρείου
1407 3056 1469 3115 δὲ
1501 3058 1602 3116 τοῦ
1632 3054 1914 3131 βασιλέος

310 3138 604 3217 οἷδελφεός,
647 3148 761 3204 τῶν
807 3142 855 3203 δ’
899 3144 1326 3205 ἐπιθαλασσίων
1370 3147 1481 3204 τῶν
1527 3147 1587 3203 ἐν
1632 3145 1706 3219 τῇ
1743 3139 1914 3217 Ἀσίῃ

311 3225 472 3307 ἄρχει
495 3230 732 3302 πάντων,
759 3231 900 3309 ἔχων
925 3232 1198 3311 στρατιήν
1221 3256 1284 3297 τε
1314 3230 1542 3305 πολλὴν
1571 3229 1663 3289 καὶ
1689 3226 1915 3289 πολλαὶς

2052 3221 2078 3240 f
