<?xml version="1.0" encoding="UTF-8"?>
<!DOCTYPE html PUBLIC "-//W3C//DTD XHTML 1.0 Transitional//EN"
    "http://www.w3.org/TR/xhtml1/DTD/xhtml1-transitional.dtd">
<html xmlns="http://www.w3.org/1999/xhtml" xml:lang="en" lang="en">
 <head>
  <title>
</title>
<meta http-equiv="Content-Type" content="text/html;charset=utf-8" />
  <meta name='ocr-system' content='tesseract 3.04.00' />
  <meta name='ocr-capabilities' content='ocr_page ocr_carea ocr_par ocr_line ocrx_word'/>
</head>
<body>
  <div class='ocr_page' id='page_1' title='image "./herodotus14herogoog_0161.png"; bbox 0 0 2192 3409; ppageno 0'>
   <div class='ocr_carea' id='block_1_1' title="bbox 332 80 2034 3232">
    <p class='ocr_par' dir='ltr' id='par_1_1' title="bbox 332 80 2034 3232">
     <span class='ocr_line' id='line_1_1' title="bbox 349 80 1940 148; baseline -0.006 -11"><span class='ocrx_word' id='word_1_1' title='bbox 349 84 560 148; x_wconf 80' lang='lat'><strong>76—83]</strong></span> <span class='ocrx_word' id='word_1_2' title='bbox 951 80 1321 130; x_wconf 73' lang='lat' dir='ltr'><strong>noA‘rMNIA.</strong></span> <span class='ocrx_word' id='word_1_3' title='bbox 1848 83 1940 129; x_wconf 83' lang='lat'>153</span> 
     </span>
     <span class='ocr_line' id='line_1_2' title="bbox 345 158 1940 243; baseline -0.003 -19"><span class='ocrx_word' id='word_1_4' title='bbox 345 166 624 243; x_wconf 84' lang='grc' dir='ltr'>μαχαίρας</span> <span class='ocrx_word' id='word_1_5' title='bbox 662 162 827 243; x_wconf 76' lang='grc' dir='ltr'>εἶχον.</span> <span class='ocrx_word' id='word_1_6' title='bbox 915 166 1127 239; x_wconf 78' lang='grc' dir='ltr'>Μαρῶν</span> <span class='ocrx_word' id='word_1_7' title='bbox 1168 161 1226 220; x_wconf 83' lang='grc' dir='ltr'>δὲ</span> <span class='ocrx_word' id='word_1_8' title='bbox 1268 159 1360 219; x_wconf 86' lang='grc' dir='ltr'>καὶ</span> <span class='ocrx_word' id='word_1_9' title='bbox 1392 158 1637 239; x_wconf 82' lang='grc' dir='ltr'>Κόλχων</span> <span class='ocrx_word' id='word_1_10' title='bbox 1665 158 1805 239; x_wconf 84' lang='grc' dir='ltr'>ἦρχε</span> <span class='ocrx_word' id='word_1_11' title='bbox 1830 170 1940 219; x_wconf 88' lang='grc' dir='ltr'>Φα-</span> 
     </span>
     <span class='ocr_line' id='line_1_3' title="bbox 344 248 1941 330; baseline -0.003 -19"><span class='ocrx_word' id='word_1_12' title='bbox 344 251 616 330; x_wconf 86' lang='grc' dir='ltr'>ρανδάτης</span> <span class='ocrx_word' id='word_1_13' title='bbox 644 251 675 310; x_wconf 81' lang='grc' dir='ltr'>ὁ</span> <span class='ocrx_word' id='word_1_14' title='bbox 703 251 1000 313; x_wconf 81' lang='grc' dir='ltr'>Τεάσπιος.</span> <span class='ocrx_word' id='word_1_15' title='bbox 1068 248 1391 325; x_wconf 75' lang='grc' dir='ltr'>Ἀλαρόδιοι</span> <span class='ocrx_word' id='word_1_16' title='bbox 1428 248 1486 307; x_wconf 81' lang='grc' dir='ltr'>δὲ</span> <span class='ocrx_word' id='word_1_17' title='bbox 1515 248 1603 306; x_wconf 86' lang='grc' dir='ltr'>καὶ</span> <span class='ocrx_word' id='word_1_18' title='bbox 1633 248 1941 327; x_wconf 80' lang='grc' dir='ltr'>Σάσπειρες</span> 
     </span>
     <span class='ocr_line' id='line_1_4' title="bbox 348 337 1939 418; baseline -0.001 -19"><span class='ocrx_word' id='word_1_19' title='bbox 348 341 592 417; x_wconf 80' lang='grc' dir='ltr'>κατάπερ</span> <span class='ocrx_word' id='word_1_20' title='bbox 632 340 855 418; x_wconf 85' lang='grc' dir='ltr'>Κόλχοι</span> <span class='ocrx_word' id='word_1_21' title='bbox 899 339 1236 414; x_wconf 79' lang='grc' dir='ltr'>ὁπλισμένοι</span> <span class='ocrx_word' id='word_1_22' title='bbox 1280 337 1693 413; x_wconf 78' lang='grc' dir='ltr'>ἐστρατεύοντο·</span> <span class='ocrx_word' id='word_1_23' title='bbox 1735 338 1939 398; x_wconf 83' lang='grc' dir='ltr'>τούτων</span> 
     </span>
     <span class='ocr_line' id='line_1_5' title="bbox 345 425 2034 504; baseline 0 -18"><span class='ocrx_word' id='word_1_24' title='bbox 345 429 404 486; x_wconf 84' lang='grc' dir='ltr'>δὲ</span> <span class='ocrx_word' id='word_1_25' title='bbox 431 428 757 489; x_wconf 80' lang='grc' dir='ltr'>Μασίστιος</span> <span class='ocrx_word' id='word_1_26' title='bbox 783 426 814 486; x_wconf 79' lang='grc' dir='ltr'>ὅ</span> <span class='ocrx_word' id='word_1_27' title='bbox 844 428 1183 503; x_wconf 80' lang='grc' dir='ltr'>Σιρομίτρεω</span> <span class='ocrx_word' id='word_1_28' title='bbox 1209 426 1367 504; x_wconf 81' lang='grc' dir='ltr'>ἦρχε.</span> <span class='ocrx_word' id='word_1_29' title='bbox 1442 425 1523 483; x_wconf 53' lang='lat' dir='ltr'>Ta}</span> <span class='ocrx_word' id='word_1_30' title='bbox 1552 426 1608 483; x_wconf 80' lang='grc' dir='ltr'>δὲ</span> <span class='ocrx_word' id='word_1_31' title='bbox 1636 427 1935 501; x_wconf 72' lang='grc' dir='ltr'>νησιωτικά</span> <span class='ocrx_word' id='word_1_32' title='bbox 1957 430 2034 486; x_wconf 86' lang='grc'>80</span> 
     </span>
     <span class='ocr_line' id='line_1_6' title="bbox 345 513 1939 591; baseline -0.001 -17"><span class='ocrx_word' id='word_1_33' title='bbox 345 518 502 575; x_wconf 84' lang='grc' dir='ltr'>ἔθνεα</span> <span class='ocrx_word' id='word_1_34' title='bbox 526 516 598 575; x_wconf 79' lang='grc' dir='ltr'>τοὶ</span> <span class='ocrx_word' id='word_1_35' title='bbox 629 522 687 575; x_wconf 86' lang='grc' dir='ltr'>ἐκ</span> <span class='ocrx_word' id='word_1_36' title='bbox 719 519 819 591; x_wconf 80' lang='grc' dir='ltr'>τῆς</span> <span class='ocrx_word' id='word_1_37' title='bbox 842 514 1114 591; x_wconf 84' lang='grc' dir='ltr'>Ἐρυθρῆς</span> <span class='ocrx_word' id='word_1_38' title='bbox 1142 514 1441 589; x_wconf 76' lang='grc' dir='ltr'>θαλάσσης</span> <span class='ocrx_word' id='word_1_39' title='bbox 1470 513 1726 590; x_wconf 83' lang='grc' dir='ltr'>ἑπόμενα,</span> <span class='ocrx_word' id='word_1_40' title='bbox 1756 514 1939 590; x_wconf 77' lang='grc' dir='ltr'>νήσων</span> 
     </span>
     <span class='ocr_line' id='line_1_7' title="bbox 343 602 1941 683; baseline -0.001 -20"><span class='ocrx_word' id='word_1_41' title='bbox 343 604 402 663; x_wconf 80' lang='grc' dir='ltr'>δὲ</span> <span class='ocrx_word' id='word_1_42' title='bbox 431 610 488 663; x_wconf 88' lang='grc' dir='ltr'>ἐν</span> <span class='ocrx_word' id='word_1_43' title='bbox 511 609 648 683; x_wconf 79' lang='grc' dir='ltr'>τῇσι</span> <span class='ocrx_word' id='word_1_44' title='bbox 667 604 801 667; x_wconf 65' lang='grc' dir='ltr'>τούς</span> <span class='ocrx_word' id='word_1_45' title='bbox 821 602 1221 665; x_wconf 66' lang='grc' dir='ltr'>ἀνασπάστους</span> <span class='ocrx_word' id='word_1_46' title='bbox 1251 604 1619 679; x_wconf 81' lang='grc' dir='ltr'>καλεομένους</span> <span class='ocrx_word' id='word_1_47' title='bbox 1650 603 1941 672; x_wconf 84' lang='grc' dir='ltr'>κατοικίζει</span> 
     </span>
     <span class='ocr_line' id='line_1_8' title="bbox 339 690 1939 773; baseline -0.001 -22"><span class='ocrx_word' id='word_1_48' title='bbox 339 692 636 767; x_wconf 70' lang='grc' dir='ltr'>βασιλεῦς,</span> <span class='ocrx_word' id='word_1_49' title='bbox 665 690 958 773; x_wconf 72' lang='grc' dir='ltr'>ἀγχοτάτω</span> <span class='ocrx_word' id='word_1_50' title='bbox 994 695 1104 751; x_wconf 74' lang='grc' dir='ltr'>τῶν</span> <span class='ocrx_word' id='word_1_51' title='bbox 1132 691 1398 766; x_wconf 79' lang='grc' dir='ltr'>Μηδικῶν</span> <span class='ocrx_word' id='word_1_52' title='bbox 1441 691 1591 769; x_wconf 83' lang='grc' dir='ltr'>εἶχον</span> <span class='ocrx_word' id='word_1_53' title='bbox 1634 691 1849 765; x_wconf 81' lang='grc' dir='ltr'>ἐσθῆτά</span> <span class='ocrx_word' id='word_1_54' title='bbox 1878 718 1939 749; x_wconf 91' lang='grc' dir='ltr'>τε</span> 
     </span>
     <span class='ocr_line' id='line_1_9' title="bbox 343 779 1935 858; baseline 0 -20"><span class='ocrx_word' id='word_1_55' title='bbox 343 782 434 839; x_wconf 88' lang='grc' dir='ltr'>καὶ</span> <span class='ocrx_word' id='word_1_56' title='bbox 469 780 640 839; x_wconf 84' lang='grc' dir='ltr'>ὅπλα.</span> <span class='ocrx_word' id='word_1_57' title='bbox 682 781 890 840; x_wconf 84' lang='grc' dir='ltr'>τούτων</span> <span class='ocrx_word' id='word_1_58' title='bbox 927 780 986 839; x_wconf 80' lang='grc' dir='ltr'>δὲ</span> <span class='ocrx_word' id='word_1_59' title='bbox 1026 784 1135 839; x_wconf 77' lang='grc' dir='ltr'>τῶν</span> <span class='ocrx_word' id='word_1_60' title='bbox 1177 781 1485 855; x_wconf 84' lang='grc' dir='ltr'>νησιωτέων</span> <span class='ocrx_word' id='word_1_61' title='bbox 1512 779 1652 858; x_wconf 82' lang='grc' dir='ltr'>ἦρχε</span> <span class='ocrx_word' id='word_1_62' title='bbox 1680 779 1935 855; x_wconf 85' lang='grc' dir='ltr'>Μαρδόν-</span> 
     </span>
     <span class='ocr_line' id='line_1_10' title="bbox 339 867 1939 949; baseline -0.002 -22"><span class='ocrx_word' id='word_1_63' title='bbox 339 894 439 943; x_wconf 84' lang='grc' dir='ltr'>της</span> <span class='ocrx_word' id='word_1_64' title='bbox 477 868 509 928; x_wconf 77' lang='grc' dir='ltr'>ὁ</span> <span class='ocrx_word' id='word_1_65' title='bbox 538 871 803 949; x_wconf 82' lang='grc' dir='ltr'>Βαγαίου,</span> <span class='ocrx_word' id='word_1_66' title='bbox 833 868 893 931; x_wconf 82' lang='grc' dir='ltr'>ὃς</span> <span class='ocrx_word' id='word_1_67' title='bbox 935 873 992 927; x_wconf 86' lang='grc' dir='ltr'>ἐν</span> <span class='ocrx_word' id='word_1_68' title='bbox 1029 867 1276 946; x_wconf 80' lang='grc' dir='ltr'>Μυκάλῃ</span> <span class='ocrx_word' id='word_1_69' title='bbox 1316 868 1671 948; x_wconf 82' lang='grc' dir='ltr'>στρατηγέων</span> <span class='ocrx_word' id='word_1_70' title='bbox 1712 867 1939 945; x_wconf 73' lang='grc' dir='ltr'>δευτέρῳ</span> 
     </span>
     <span class='ocr_line' id='line_1_11' title="bbox 341 956 2009 1035; baseline 0.002 -22"><span class='ocrx_word' id='word_1_71' title='bbox 341 956 448 1013; x_wconf 80' lang='grc' dir='ltr'>ἔτεϊ</span> <span class='ocrx_word' id='word_1_72' title='bbox 487 956 694 1016; x_wconf 81' lang='grc' dir='ltr'>τούτων</span> <span class='ocrx_word' id='word_1_73' title='bbox 736 956 1066 1032; x_wconf 78' lang='grc' dir='ltr'>ἐτελεύτησε</span> <span class='ocrx_word' id='word_1_74' title='bbox 1108 961 1165 1015; x_wconf 87' lang='grc' dir='ltr'>ἐν</span> <span class='ocrx_word' id='word_1_75' title='bbox 1206 961 1275 1033; x_wconf 82' lang='grc' dir='ltr'>τῇ</span> <span class='ocrx_word' id='word_1_76' title='bbox 1316 956 1491 1035; x_wconf 79' lang='grc' dir='ltr'>μάχῃ.</span> <span class='ocrx_word' id='word_1_77' title='bbox 1980 1004 2009 1031; x_wconf 74' lang='grc'>,</span> 
     </span>
     <span class='ocr_line' id='line_1_12' title="bbox 422 1042 2027 1120; baseline -0.001 -18"><span class='ocrx_word' id='word_1_78' title='bbox 422 1049 611 1102; x_wconf 83' lang='grc' dir='ltr'>Ταῦτα</span> <span class='ocrx_word' id='word_1_79' title='bbox 643 1043 712 1118; x_wconf 87' lang='grc' dir='ltr'>ἦν</span> <span class='ocrx_word' id='word_1_80' title='bbox 737 1044 809 1103; x_wconf 76' lang='grc' dir='ltr'>τὰ</span> <span class='ocrx_word' id='word_1_81' title='bbox 837 1042 952 1103; x_wconf 79' lang='grc' dir='ltr'>κατ’</span> <span class='ocrx_word' id='word_1_82' title='bbox 979 1043 1209 1120; x_wconf 81' lang='grc' dir='ltr'>ἤπειρον</span> <span class='ocrx_word' id='word_1_83' title='bbox 1235 1044 1647 1120; x_wconf 85' lang='grc' dir='ltr'>στρατευόμενά</span> <span class='ocrx_word' id='word_1_84' title='bbox 1672 1069 1732 1103; x_wconf 88' lang='grc' dir='ltr'>τε</span> <span class='ocrx_word' id='word_1_85' title='bbox 1762 1044 1936 1112; x_wconf 84' lang='grc' dir='ltr'>ἔθνεα,</span> <span class='ocrx_word' id='word_1_86' title='bbox 1956 1047 2027 1102; x_wconf 89' lang='grc'>81</span> 
     </span>
     <span class='ocr_line' id='line_1_13' title="bbox 341 1131 1936 1211; baseline 0 -22"><span class='ocrx_word' id='word_1_87' title='bbox 341 1133 434 1190; x_wconf 86' lang='grc' dir='ltr'>καὶ</span> <span class='ocrx_word' id='word_1_88' title='bbox 461 1133 771 1211; x_wconf 83' lang='grc' dir='ltr'>τεταγμένα</span> <span class='ocrx_word' id='word_1_89' title='bbox 798 1136 851 1193; x_wconf 88' lang='grc' dir='ltr'>ἐς</span> <span class='ocrx_word' id='word_1_90' title='bbox 877 1131 942 1191; x_wconf 81' lang='grc' dir='ltr'><em>τό</em></span> <span class='ocrx_word' id='word_1_91' title='bbox 969 1133 1156 1201; x_wconf 87' lang='grc' dir='ltr'>πεζόν.</span> <span class='ocrx_word' id='word_1_92' title='bbox 1240 1132 1436 1191; x_wconf 81' lang='grc' dir='ltr'>τούτου</span> <span class='ocrx_word' id='word_1_93' title='bbox 1468 1132 1538 1190; x_wconf 84' lang='grc' dir='ltr'>ὧν</span> <span class='ocrx_word' id='word_1_94' title='bbox 1564 1136 1663 1190; x_wconf 81' lang='grc' dir='ltr'>τοῦ</span> <span class='ocrx_word' id='word_1_95' title='bbox 1692 1135 1936 1206; x_wconf 72' lang='grc' dir='ltr'>στρατοῦ</span> 
     </span>
     <span class='ocr_line' id='line_1_14' title="bbox 339 1217 1937 1298; baseline -0.001 -20"><span class='ocrx_word' id='word_1_96' title='bbox 339 1219 516 1298; x_wconf 82' lang='grc' dir='ltr'>ἦρχον</span> <span class='ocrx_word' id='word_1_97' title='bbox 553 1217 708 1279; x_wconf 79' lang='grc' dir='ltr'>οὗτοι</span> <span class='ocrx_word' id='word_1_98' title='bbox 748 1220 906 1297; x_wconf 76' lang='grc' dir='ltr'>οἵπερ</span> <span class='ocrx_word' id='word_1_99' title='bbox 944 1220 1199 1297; x_wconf 79' lang='grc' dir='ltr'>εἰρέαται·</span> <span class='ocrx_word' id='word_1_100' title='bbox 1244 1220 1333 1277; x_wconf 85' lang='grc' dir='ltr'>καὶ</span> <span class='ocrx_word' id='word_1_101' title='bbox 1370 1224 1421 1278; x_wconf 84' lang='grc' dir='ltr'>οἱ</span> <span class='ocrx_word' id='word_1_102' title='bbox 1457 1218 1805 1287; x_wconf 77' lang='grc' dir='ltr'>διατάξαντες</span> <span class='ocrx_word' id='word_1_103' title='bbox 1848 1219 1937 1277; x_wconf 84' lang='grc' dir='ltr'>καὶ</span> 
     </span>
     <span class='ocr_line' id='line_1_15' title="bbox 342 1305 1939 1388; baseline 0 -24"><span class='ocrx_word' id='word_1_104' title='bbox 342 1307 812 1384; x_wconf 79' lang='grc' dir='ltr'>ἐξαριθμήσαντες</span> <span class='ocrx_word' id='word_1_105' title='bbox 855 1305 1008 1367; x_wconf 83' lang='grc' dir='ltr'>οὗτοι</span> <span class='ocrx_word' id='word_1_106' title='bbox 1054 1308 1219 1383; x_wconf 83' lang='grc' dir='ltr'>ἦσαν,</span> <span class='ocrx_word' id='word_1_107' title='bbox 1268 1309 1357 1365; x_wconf 86' lang='grc' dir='ltr'>καὶ</span> <span class='ocrx_word' id='word_1_108' title='bbox 1399 1307 1697 1388; x_wconf 80' lang='grc' dir='ltr'>χιλιάρχας</span> <span class='ocrx_word' id='word_1_109' title='bbox 1741 1333 1801 1366; x_wconf 87' lang='grc' dir='ltr'>τε</span> <span class='ocrx_word' id='word_1_110' title='bbox 1848 1307 1939 1365; x_wconf 88' lang='grc' dir='ltr'>καὶ</span> 
     </span>
     <span class='ocr_line' id='line_1_16' title="bbox 337 1394 1935 1475; baseline -0.001 -22"><span class='ocrx_word' id='word_1_111' title='bbox 337 1396 647 1474; x_wconf 79' lang='grc' dir='ltr'>μυριάρχας</span> <span class='ocrx_word' id='word_1_112' title='bbox 674 1395 1057 1465; x_wconf 76' lang='grc' dir='ltr'>ἀποδέξαντες·</span> <span class='ocrx_word' id='word_1_113' title='bbox 1103 1396 1507 1475; x_wconf 81' lang='grc' dir='ltr'>ἑκατοντάρχας</span> <span class='ocrx_word' id='word_1_114' title='bbox 1536 1396 1593 1455; x_wconf 80' lang='grc' dir='ltr'>δὲ</span> <span class='ocrx_word' id='word_1_115' title='bbox 1622 1396 1712 1453; x_wconf 83' lang='grc' dir='ltr'>καὶ</span> <span class='ocrx_word' id='word_1_116' title='bbox 1750 1394 1935 1471; x_wconf 87' lang='grc' dir='ltr'>δεκάρ-</span> 
     </span>
     <span class='ocr_line' id='line_1_17' title="bbox 337 1481 1935 1561; baseline -0.001 -20"><span class='ocrx_word' id='word_1_117' title='bbox 337 1510 442 1561; x_wconf 90' lang='grc' dir='ltr'>χας</span> <span class='ocrx_word' id='word_1_118' title='bbox 473 1487 532 1543; x_wconf 81' lang='grc' dir='ltr'>οἱ</span> <span class='ocrx_word' id='word_1_119' title='bbox 566 1484 886 1561; x_wconf 82' lang='grc' dir='ltr'>μυριάρχαι.</span> <span class='ocrx_word' id='word_1_120' title='bbox 968 1485 1173 1543; x_wconf 88' lang='grc' dir='ltr'>τελέων</span> <span class='ocrx_word' id='word_1_121' title='bbox 1216 1484 1273 1543; x_wconf 83' lang='grc' dir='ltr'>δὲ</span> <span class='ocrx_word' id='word_1_122' title='bbox 1316 1485 1406 1542; x_wconf 83' lang='grc' dir='ltr'>καὶ</span> <span class='ocrx_word' id='word_1_123' title='bbox 1444 1485 1640 1545; x_wconf 77' lang='grc' dir='ltr'>ἐθνέων</span> <span class='ocrx_word' id='word_1_124' title='bbox 1664 1482 1813 1559; x_wconf 76' lang='grc' dir='ltr'>ἦσαν</span> <span class='ocrx_word' id='word_1_125' title='bbox 1840 1481 1935 1541; x_wconf 82' lang='grc' dir='ltr'>ἅλ-</span> 
     </span>
     <span class='ocr_line' id='line_1_18' title="bbox 338 1570 1938 1651; baseline 0.001 -22"><span class='ocrx_word' id='word_1_126' title='bbox 338 1576 432 1630; x_wconf 88' lang='grc' dir='ltr'>λοι</span> <span class='ocrx_word' id='word_1_127' title='bbox 473 1571 838 1647; x_wconf 79' lang='grc' dir='ltr'>σημάντορες·</span> <span class='ocrx_word' id='word_1_128' title='bbox 880 1570 1029 1647; x_wconf 84' lang='grc' dir='ltr'>ἦσαν</span> <span class='ocrx_word' id='word_1_129' title='bbox 1055 1576 1160 1649; x_wconf 85' lang='grc' dir='ltr'>μὲν</span> <span class='ocrx_word' id='word_1_130' title='bbox 1187 1572 1255 1648; x_wconf 73' lang='grc' dir='ltr'>δή</span> <span class='ocrx_word' id='word_1_131' title='bbox 1284 1570 1455 1651; x_wconf 81' lang='grc' dir='ltr'>οὗτοι,</span> <span class='ocrx_word' id='word_1_132' title='bbox 1486 1574 1643 1649; x_wconf 82' lang='grc' dir='ltr'>οἷπερ</span> <span class='ocrx_word' id='word_1_133' title='bbox 1683 1574 1938 1649; x_wconf 80' lang='grc' dir='ltr'>εἰρέαται,</span> 
     </span>
     <span class='ocr_line' id='line_1_19' title="bbox 339 1656 2031 1740; baseline 0.001 -25"><span class='ocrx_word' id='word_1_134' title='bbox 339 1656 620 1737; x_wconf 73' lang='grc' dir='ltr'>ἄρχοντες.</span> <span class='ocrx_word' id='word_1_135' title='bbox 701 1658 1114 1740; x_wconf 83' lang='grc' dir='ltr'>Ἐστρατήγεον</span> <span class='ocrx_word' id='word_1_136' title='bbox 1146 1661 1204 1718; x_wconf 84' lang='grc' dir='ltr'>δὲ</span> <span class='ocrx_word' id='word_1_137' title='bbox 1230 1660 1442 1720; x_wconf 82' lang='grc' dir='ltr'>τούτων·</span> <span class='ocrx_word' id='word_1_138' title='bbox 1461 1687 1523 1720; x_wconf 86' lang='grc' dir='ltr'>τε</span> <span class='ocrx_word' id='word_1_139' title='bbox 1552 1662 1643 1719; x_wconf 83' lang='grc' dir='ltr'>καὶ</span> <span class='ocrx_word' id='word_1_140' title='bbox 1668 1666 1765 1719; x_wconf 86' lang='grc' dir='ltr'>τοῦ</span> <span class='ocrx_word' id='word_1_141' title='bbox 1795 1660 1935 1735; x_wconf 83' lang='grc' dir='ltr'>σύμ·</span> <span class='ocrx_word' id='word_1_142' title='bbox 1956 1662 2031 1717; x_wconf 83' lang='grc'>82</span> 
     </span>
     <span class='ocr_line' id='line_1_20' title="bbox 338 1748 1939 1825; baseline 0.002 -22"><span class='ocrx_word' id='word_1_143' title='bbox 338 1771 546 1808; x_wconf 83' lang='grc' dir='ltr'>παντος</span> <span class='ocrx_word' id='word_1_144' title='bbox 571 1750 814 1823; x_wconf 81' lang='grc' dir='ltr'>στρατοῦ</span> <span class='ocrx_word' id='word_1_145' title='bbox 840 1752 939 1806; x_wconf 85' lang='grc' dir='ltr'>τοῦ</span> <span class='ocrx_word' id='word_1_146' title='bbox 965 1748 1135 1817; x_wconf 82' lang='grc' dir='ltr'>πεζοῦ</span> <span class='ocrx_word' id='word_1_147' title='bbox 1156 1748 1474 1824; x_wconf 84' lang='grc' dir='ltr'>Μαρδόνιός</span> <span class='ocrx_word' id='word_1_148' title='bbox 1499 1775 1559 1809; x_wconf 88' lang='grc' dir='ltr'>τε</span> <span class='ocrx_word' id='word_1_149' title='bbox 1588 1748 1619 1809; x_wconf 80' lang='grc' dir='ltr'>ὁ</span> <span class='ocrx_word' id='word_1_150' title='bbox 1646 1748 1939 1825; x_wconf 83' lang='grc' dir='ltr'>Γωβρύεω,</span> 
     </span>
     <span class='ocr_line' id='line_1_21' title="bbox 339 1834 1936 1920; baseline 0.002 -29"><span class='ocrx_word' id='word_1_151' title='bbox 339 1834 430 1891; x_wconf 80' lang='grc' dir='ltr'>καὶ</span> <span class='ocrx_word' id='word_1_152' title='bbox 463 1836 904 1915; x_wconf 82' lang='grc' dir='ltr'>Τριτανταίχμης</span> <span class='ocrx_word' id='word_1_153' title='bbox 931 1835 962 1895; x_wconf 81' lang='grc' dir='ltr'>ὁ</span> <span class='ocrx_word' id='word_1_154' title='bbox 989 1835 1345 1912; x_wconf 82' lang='grc' dir='ltr'>Ἀρταβάνου</span> <span class='ocrx_word' id='word_1_155' title='bbox 1386 1842 1485 1896; x_wconf 81' lang='grc' dir='ltr'>τοῦ</span> <span class='ocrx_word' id='word_1_156' title='bbox 1520 1836 1745 1920; x_wconf 73' lang='grc' dir='ltr'>γνώμην</span> <span class='ocrx_word' id='word_1_157' title='bbox 1782 1837 1936 1913; x_wconf 87' lang='grc' dir='ltr'>θεμέ-</span> 
     </span>
     <span class='ocr_line' id='line_1_22' title="bbox 334 1921 1938 2001; baseline 0.001 -21"><span class='ocrx_word' id='word_1_158' title='bbox 334 1948 433 1997; x_wconf 78' lang='grc' dir='ltr'>νου</span> <span class='ocrx_word' id='word_1_159' title='bbox 471 1921 554 2000; x_wconf 80' lang='grc' dir='ltr'><em>μή</em></span> <span class='ocrx_word' id='word_1_160' title='bbox 595 1923 1002 1999; x_wconf 84' lang='grc' dir='ltr'>στρατεύεσθαι</span> <span class='ocrx_word' id='word_1_161' title='bbox 1031 1924 1124 1983; x_wconf 85' lang='grc' dir='ltr'>ἐπὶ</span> <span class='ocrx_word' id='word_1_162' title='bbox 1150 1924 1253 1999; x_wconf 79' lang='grc' dir='ltr'>τήν</span> <span class='ocrx_word' id='word_1_163' title='bbox 1277 1923 1546 1994; x_wconf 87' lang='grc' dir='ltr'>Ἑλλάδα,</span> <span class='ocrx_word' id='word_1_164' title='bbox 1578 1926 1669 1983; x_wconf 84' lang='grc' dir='ltr'>καὶ</span> <span class='ocrx_word' id='word_1_165' title='bbox 1698 1925 1938 2001; x_wconf 86' lang='grc' dir='ltr'>Σμερδο-</span> 
     </span>
     <span class='ocr_line' id='line_1_23' title="bbox 334 2009 1933 2090; baseline -0.001 -18"><span class='ocrx_word' id='word_1_166' title='bbox 334 2011 502 2085; x_wconf 78' lang='grc' dir='ltr'>μένης</span> <span class='ocrx_word' id='word_1_167' title='bbox 546 2010 578 2070; x_wconf 78' lang='grc' dir='ltr'><em>ὅ</em></span> <span class='ocrx_word' id='word_1_168' title='bbox 613 2009 1181 2089; x_wconf 71' lang='grc' dir='ltr'>Ὀτάνεω-Δαρείου</span> <span class='ocrx_word' id='word_1_169' title='bbox 1224 2012 1535 2090; x_wconf 71' lang='grc' dir='ltr'>ἀμφότεροι</span> <span class='ocrx_word' id='word_1_170' title='bbox 1578 2011 1733 2072; x_wconf 81' lang='grc' dir='ltr'>οὗτοι</span> <span class='ocrx_word' id='word_1_171' title='bbox 1774 2010 1933 2071; x_wconf 85' lang='grc' dir='ltr'>άδελ-</span> 
     </span>
     <span class='ocr_line' id='line_1_24' title="bbox 337 2098 1937 2180; baseline 0.003 -25"><span class='ocrx_word' id='word_1_172' title='bbox 337 2101 488 2171; x_wconf 80' lang='grc' dir='ltr'>φεῶν</span> <span class='ocrx_word' id='word_1_173' title='bbox 513 2098 721 2167; x_wconf 82' lang='grc' dir='ltr'>παῖδες,</span> <span class='ocrx_word' id='word_1_174' title='bbox 743 2100 925 2178; x_wconf 69' lang='grc' dir='ltr'>Ξέρξῃ</span> <span class='ocrx_word' id='word_1_175' title='bbox 955 2100 1014 2159; x_wconf 77' lang='grc' dir='ltr'>δὲ</span> <span class='ocrx_word' id='word_1_176' title='bbox 1041 2099 1288 2179; x_wconf 85' lang='grc' dir='ltr'>ἐγίνοντο</span> <span class='ocrx_word' id='word_1_177' title='bbox 1330 2100 1721 2180; x_wconf 83' lang='grc' dir='ltr'>σ’,νεψιοὶ--καὶ</span> <span class='ocrx_word' id='word_1_178' title='bbox 1748 2102 1937 2160; x_wconf 87' lang='grc' dir='ltr'>Μασί-</span> 
     </span>
     <span class='ocr_line' id='line_1_25' title="bbox 335 2186 1935 2270; baseline 0.003 -25"><span class='ocrx_word' id='word_1_179' title='bbox 335 2210 475 2261; x_wconf 88' lang='grc' dir='ltr'>στης</span> <span class='ocrx_word' id='word_1_180' title='bbox 507 2186 538 2246; x_wconf 83' lang='grc' dir='ltr'>ὁ</span> <span class='ocrx_word' id='word_1_181' title='bbox 569 2188 807 2263; x_wconf 83' lang='grc' dir='ltr'>Δαρείου</span> <span class='ocrx_word' id='word_1_182' title='bbox 833 2212 896 2247; x_wconf 84' lang='grc' dir='ltr'>τε</span> <span class='ocrx_word' id='word_1_183' title='bbox 926 2188 1016 2246; x_wconf 86' lang='grc' dir='ltr'>καὶ</span> <span class='ocrx_word' id='word_1_184' title='bbox 1042 2186 1329 2264; x_wconf 84' lang='grc' dir='ltr'>Ἀτόσσης</span> <span class='ocrx_word' id='word_1_185' title='bbox 1368 2192 1515 2261; x_wconf 80' lang='grc' dir='ltr'>παῖς,</span> <span class='ocrx_word' id='word_1_186' title='bbox 1546 2192 1637 2249; x_wconf 83' lang='grc' dir='ltr'>καὶ</span> <span class='ocrx_word' id='word_1_187' title='bbox 1668 2190 1863 2270; x_wconf 85' lang='grc' dir='ltr'>Γέργις</span> <span class='ocrx_word' id='word_1_188' title='bbox 1904 2188 1935 2249; x_wconf 82' lang='grc' dir='ltr'>ὁ</span> 
     </span>
     <span class='ocr_line' id='line_1_26' title="bbox 333 2270 2030 2361; baseline 0.001 -29"><span class='ocrx_word' id='word_1_189' title='bbox 333 2270 574 2349; x_wconf 84' lang='grc' dir='ltr'>Ἀρίζου,</span> <span class='ocrx_word' id='word_1_190' title='bbox 613 2275 705 2333; x_wconf 86' lang='grc' dir='ltr'>καὶ</span> <span class='ocrx_word' id='word_1_191' title='bbox 745 2274 1087 2361; x_wconf 83' lang='grc' dir='ltr'>Μεγάβυζος</span> <span class='ocrx_word' id='word_1_192' title='bbox 1131 2275 1164 2335; x_wconf 77' lang='grc' dir='ltr'>ὅ</span> <span class='ocrx_word' id='word_1_193' title='bbox 1202 2276 1487 2354; x_wconf 78' lang='grc' dir='ltr'>Ζωπύρου.</span> <span class='ocrx_word' id='word_1_194' title='bbox 1572 2274 1747 2336; x_wconf 78' lang='grc' dir='ltr'>Οὗτοι</span> <span class='ocrx_word' id='word_1_195' title='bbox 1787 2276 1935 2352; x_wconf 86' lang='grc' dir='ltr'>ἦσαν</span> <span class='ocrx_word' id='word_1_196' title='bbox 1953 2280 2030 2335; x_wconf 83' lang='grc'>83</span> 
     </span>
     <span class='ocr_line' id='line_1_27' title="bbox 337 2362 1936 2443; baseline 0.003 -24"><span class='ocrx_word' id='word_1_197' title='bbox 337 2362 646 2442; x_wconf 83' lang='grc' dir='ltr'>στρατηγοὶ</span> <span class='ocrx_word' id='word_1_198' title='bbox 670 2365 769 2420; x_wconf 86' lang='grc' dir='ltr'>τοῦ</span> <span class='ocrx_word' id='word_1_199' title='bbox 798 2362 1121 2438; x_wconf 79' lang='grc' dir='ltr'>σύμπαντος</span> <span class='ocrx_word' id='word_1_200' title='bbox 1148 2369 1393 2441; x_wconf 81' lang='grc' dir='ltr'>στρατοῦ</span> <span class='ocrx_word' id='word_1_201' title='bbox 1421 2365 1606 2437; x_wconf 81' lang='grc' dir='ltr'>πεζοῦ,</span> <span class='ocrx_word' id='word_1_202' title='bbox 1635 2364 1802 2443; x_wconf 80' lang='grc' dir='ltr'>χωρὶς</span> <span class='ocrx_word' id='word_1_203' title='bbox 1828 2368 1936 2423; x_wconf 79' lang='grc' dir='ltr'>τῶν</span> 
     </span>
     <span class='ocr_line' id='line_1_28' title="bbox 333 2449 1932 2529; baseline 0.002 -22"><span class='ocrx_word' id='word_1_204' title='bbox 333 2450 562 2526; x_wconf 88' lang='grc' dir='ltr'>μυρίων·</span> <span class='ocrx_word' id='word_1_205' title='bbox 603 2454 712 2511; x_wconf 82' lang='grc' dir='ltr'>τῶν</span> <span class='ocrx_word' id='word_1_206' title='bbox 755 2450 812 2509; x_wconf 82' lang='grc' dir='ltr'>δὲ</span> <span class='ocrx_word' id='word_1_207' title='bbox 855 2451 1064 2528; x_wconf 89' lang='grc' dir='ltr'>μυρίων</span> <span class='ocrx_word' id='word_1_208' title='bbox 1105 2451 1311 2512; x_wconf 77' lang='grc' dir='ltr'>τούτων</span> <span class='ocrx_word' id='word_1_209' title='bbox 1354 2453 1620 2529; x_wconf 86' lang='grc' dir='ltr'>Περσέων</span> <span class='ocrx_word' id='word_1_210' title='bbox 1654 2455 1762 2510; x_wconf 81' lang='grc' dir='ltr'>τῶν</span> <span class='ocrx_word' id='word_1_211' title='bbox 1800 2449 1932 2510; x_wconf 85' lang='grc' dir='ltr'>οἷπο-</span> 
     </span>
     <span class='ocr_line' id='line_1_29' title="bbox 336 2537 1929 2620; baseline 0.004 -26"><span class='ocrx_word' id='word_1_212' title='bbox 336 2538 685 2617; x_wconf 85' lang='grc' dir='ltr'>λελεγμένων</span> <span class='ocrx_word' id='word_1_213' title='bbox 728 2539 1061 2620; x_wconf 83' lang='grc' dir='ltr'>ἐστρατήγεε</span> <span class='ocrx_word' id='word_1_214' title='bbox 1102 2543 1203 2617; x_wconf 85' lang='grc' dir='ltr'>μὲν</span> <span class='ocrx_word' id='word_1_215' title='bbox 1238 2539 1506 2617; x_wconf 68' lang='grc' dir='ltr'>’Ὑδάρνης</span> <span class='ocrx_word' id='word_1_216' title='bbox 1551 2537 1582 2598; x_wconf 80' lang='grc' dir='ltr'><em>ὅ</em></span> <span class='ocrx_word' id='word_1_217' title='bbox 1622 2537 1929 2616; x_wconf 60' lang='grc' dir='ltr'>Ὑδάρνεος·</span> 
     </span>
     <span class='ocr_line' id='line_1_30' title="bbox 335 2625 1931 2704; baseline 0.001 -21"><span class='ocrx_word' id='word_1_218' title='bbox 335 2625 632 2685; x_wconf 82' lang='grc' dir='ltr'>ἐκαλέοντο</span> <span class='ocrx_word' id='word_1_219' title='bbox 665 2627 722 2684; x_wconf 82' lang='grc' dir='ltr'>δὲ</span> <span class='ocrx_word' id='word_1_220' title='bbox 748 2626 1048 2687; x_wconf 85' lang='grc' dir='ltr'>Ἀθάνατοι</span> <span class='ocrx_word' id='word_1_221' title='bbox 1085 2631 1141 2687; x_wconf 80' lang='grc' dir='ltr'>οἱ</span> <span class='ocrx_word' id='word_1_222' title='bbox 1168 2629 1391 2704; x_wconf 89' lang='grc' dir='ltr'>Πέρσαι</span> <span class='ocrx_word' id='word_1_223' title='bbox 1432 2625 1585 2687; x_wconf 81' lang='grc' dir='ltr'>οὗτοι</span> <span class='ocrx_word' id='word_1_224' title='bbox 1627 2627 1718 2685; x_wconf 84' lang='grc' dir='ltr'>ἐπὶ</span> <span class='ocrx_word' id='word_1_225' title='bbox 1753 2628 1931 2686; x_wconf 84' lang='grc' dir='ltr'>τοῦδε·</span> 
     </span>
     <span class='ocr_line' id='line_1_31' title="bbox 337 2713 1933 2793; baseline 0.006 -24"><span class='ocrx_word' id='word_1_226' title='bbox 337 2713 492 2775; x_wconf 79' lang='grc' dir='ltr'>εἴτις</span> <span class='ocrx_word' id='word_1_227' title='bbox 519 2713 696 2773; x_wconf 77' lang='grc' dir='ltr'>αὐτῶν</span> <span class='ocrx_word' id='word_1_228' title='bbox 731 2716 949 2784; x_wconf 82' lang='grc' dir='ltr'>ἐξέλιπε</span> <span class='ocrx_word' id='word_1_229' title='bbox 989 2715 1088 2775; x_wconf 83' lang='grc' dir='ltr'>τὸν</span> <span class='ocrx_word' id='word_1_230' title='bbox 1130 2714 1367 2792; x_wconf 80' lang='grc' dir='ltr'>άριθμόν</span> <span class='ocrx_word' id='word_1_231' title='bbox 1393 2714 1429 2791; x_wconf 86' lang='grc' dir='ltr'>ἢ</span> <span class='ocrx_word' id='word_1_232' title='bbox 1459 2714 1674 2793; x_wconf 80' lang='grc' dir='ltr'>θανάτῳ</span> <span class='ocrx_word' id='word_1_233' title='bbox 1714 2716 1933 2792; x_wconf 84' lang='grc' dir='ltr'>βιηθεὶς</span> 
     </span>
     <span class='ocr_line' id='line_1_32' title="bbox 333 2798 1933 2884; baseline 0.002 -26"><span class='ocrx_word' id='word_1_234' title='bbox 333 2798 368 2875; x_wconf 79' lang='grc' dir='ltr'>ὴ</span> <span class='ocrx_word' id='word_1_235' title='bbox 397 2800 594 2880; x_wconf 74' lang='grc' dir='ltr'>νούσῳ,</span> <span class='ocrx_word' id='word_1_236' title='bbox 622 2800 800 2867; x_wconf 77' lang='grc' dir='ltr'>ἄλλος</span> <span class='ocrx_word' id='word_1_237' title='bbox 827 2802 966 2880; x_wconf 73' lang='grc' dir='ltr'>ἀνὴρ</span> <span class='ocrx_word' id='word_1_238' title='bbox 993 2804 1280 2881; x_wconf 73' lang='grc' dir='ltr'>ἀραίρητο·</span> <span class='ocrx_word' id='word_1_239' title='bbox 1324 2804 1415 2862; x_wconf 87' lang='grc' dir='ltr'>καὶ</span> <span class='ocrx_word' id='word_1_240' title='bbox 1443 2805 1689 2884; x_wconf 85' lang='grc' dir='ltr'>ἐγίνοντο</span> <span class='ocrx_word' id='word_1_241' title='bbox 1717 2802 1933 2878; x_wconf 75' lang='grc' dir='ltr'>οὐδαμοὶ</span> 
     </span>
     <span class='ocr_line' id='line_1_33' title="bbox 335 2888 1933 2967; baseline 0.001 -22"><span class='ocrx_word' id='word_1_242' title='bbox 335 2888 460 2946; x_wconf 81' lang='grc' dir='ltr'>οὔτε</span> <span class='ocrx_word' id='word_1_243' title='bbox 502 2892 734 2953; x_wconf 84' lang='grc' dir='ltr'>πλεῦνες</span> <span class='ocrx_word' id='word_1_244' title='bbox 775 2893 1004 2967; x_wconf 50' lang='grc' dir='ltr'>μυρίωῄ</span> <span class='ocrx_word' id='word_1_245' title='bbox 1025 2890 1152 2951; x_wconf 76' lang='grc' dir='ltr'>οὔτε</span> <span class='ocrx_word' id='word_1_246' title='bbox 1200 2891 1528 2955; x_wconf 85' lang='grc' dir='ltr'>ἐλάσσονες.</span> <span class='ocrx_word' id='word_1_247' title='bbox 1613 2891 1826 2967; x_wconf 85' lang='grc' dir='ltr'>κόσμον</span> <span class='ocrx_word' id='word_1_248' title='bbox 1875 2890 1933 2947; x_wconf 80' lang='grc' dir='ltr'>δὲ</span> 
     </span>
     <span class='ocr_line' id='line_1_34' title="bbox 333 2976 1935 3056; baseline 0.001 -23"><span class='ocrx_word' id='word_1_249' title='bbox 333 2979 607 3036; x_wconf 85' lang='grc' dir='ltr'>πλεῖστον</span> <span class='ocrx_word' id='word_1_250' title='bbox 642 2978 975 3056; x_wconf 83' lang='grc' dir='ltr'>παρείχοντο</span> <span class='ocrx_word' id='word_1_251' title='bbox 1017 2979 1110 3037; x_wconf 69' lang='grc' dir='ltr'>διὰ</span> <span class='ocrx_word' id='word_1_252' title='bbox 1140 2978 1361 3039; x_wconf 82' lang='grc' dir='ltr'>πάντων</span> <span class='ocrx_word' id='word_1_253' title='bbox 1389 2981 1629 3056; x_wconf 86' lang='grc' dir='ltr'>Πέρσαι,</span> <span class='ocrx_word' id='word_1_254' title='bbox 1659 2979 1749 3035; x_wconf 87' lang='grc' dir='ltr'>καὶ</span> <span class='ocrx_word' id='word_1_255' title='bbox 1777 2976 1935 3035; x_wconf 70' lang='grc' dir='ltr'>αὐτοὶ</span> 
     </span>
     <span class='ocr_line' id='line_1_35' title="bbox 334 3059 1933 3145; baseline 0.001 -26"><span class='ocrx_word' id='word_1_256' title='bbox 334 3059 556 3139; x_wconf 75' lang='grc' dir='ltr'>ἄριστοι</span> <span class='ocrx_word' id='word_1_257' title='bbox 583 3064 748 3140; x_wconf 84' lang='grc' dir='ltr'>ἦσαν·</span> <span class='ocrx_word' id='word_1_258' title='bbox 791 3065 999 3141; x_wconf 77' lang='grc' dir='ltr'>σκευήν</span> <span class='ocrx_word' id='word_1_259' title='bbox 1023 3068 1128 3141; x_wconf 84' lang='grc' dir='ltr'>μὲν</span> <span class='ocrx_word' id='word_1_260' title='bbox 1153 3066 1415 3142; x_wconf 83' lang='grc' dir='ltr'>τοιαύτην</span> <span class='ocrx_word' id='word_1_261' title='bbox 1442 3067 1595 3145; x_wconf 83' lang='grc' dir='ltr'>εἶχον</span> <span class='ocrx_word' id='word_1_262' title='bbox 1620 3066 1762 3141; x_wconf 89' lang='grc' dir='ltr'>ἥπερ</span> <span class='ocrx_word' id='word_1_263' title='bbox 1793 3065 1933 3140; x_wconf 85' lang='grc' dir='ltr'>εἴρη-</span> 
     </span>
     <span class='ocr_line' id='line_1_36' title="bbox 332 3152 1950 3232; baseline 0.001 -23"><span class='ocrx_word' id='word_1_264' title='bbox 332 3175 443 3209; x_wconf 87' lang='grc' dir='ltr'>ται·</span> <span class='ocrx_word' id='word_1_265' title='bbox 484 3153 652 3231; x_wconf 81' lang='grc' dir='ltr'>χωρὶς</span> <span class='ocrx_word' id='word_1_266' title='bbox 691 3152 766 3223; x_wconf 79' lang='grc' dir='ltr'>δὲ,</span> <span class='ocrx_word' id='word_1_267' title='bbox 793 3152 1009 3232; x_wconf 87' lang='grc' dir='ltr'>χρυσόν</span> <span class='ocrx_word' id='word_1_268' title='bbox 1035 3178 1095 3211; x_wconf 90' lang='grc' dir='ltr'>τε</span> <span class='ocrx_word' id='word_1_269' title='bbox 1122 3154 1345 3213; x_wconf 82' lang='grc' dir='ltr'>πολλὸν</span> <span class='ocrx_word' id='word_1_270' title='bbox 1372 3156 1464 3213; x_wconf 83' lang='grc' dir='ltr'>καὶ</span> <span class='ocrx_word' id='word_1_271' title='bbox 1490 3152 1739 3230; x_wconf 73' lang='grc' dir='ltr'>ἄφθονον</span> <span class='ocrx_word' id='word_1_272' title='bbox 1781 3153 1950 3231; x_wconf 49' lang='grc' dir='ltr'>ἔχοιμ’</span> 
     </span>
    </p>
   </div>
   <div class='ocr_carea' id='block_1_2' title="bbox 332 3240 1932 3321">
    <p class='ocr_par' dir='ltr' id='par_1_2' title="bbox 332 3240 1932 3321">
     <span class='ocr_line' id='line_1_37' title="bbox 332 3240 1932 3321; baseline 0 -25"><span class='ocrx_word' id='word_1_273' title='bbox 332 3264 422 3301; x_wconf 86' lang='grc' dir='ltr'>τες</span> <span class='ocrx_word' id='word_1_274' title='bbox 449 3241 762 3316; x_wconf 88' lang='grc' dir='ltr'>ἐνέπρεπον,</span> <span class='ocrx_word' id='word_1_275' title='bbox 791 3240 1120 3315; x_wconf 71' lang='grc' dir='ltr'>ἁρμαμάξας</span> <span class='ocrx_word' id='word_1_276' title='bbox 1146 3267 1205 3298; x_wconf 89' lang='grc' dir='ltr'>τε</span> <span class='ocrx_word' id='word_1_277' title='bbox 1244 3240 1361 3317; x_wconf 79' lang='grc' dir='ltr'>ἅμα</span> <span class='ocrx_word' id='word_1_278' title='bbox 1388 3242 1591 3321; x_wconf 84' lang='grc' dir='ltr'>ἤγοντο</span> <span class='ocrx_word' id='word_1_279' title='bbox 1620 3247 1677 3300; x_wconf 88' lang='grc' dir='ltr'>ἐν</span> <span class='ocrx_word' id='word_1_280' title='bbox 1704 3240 1763 3299; x_wconf 82' lang='grc' dir='ltr'>δὲ</span> <span class='ocrx_word' id='word_1_281' title='bbox 1789 3244 1932 3297; x_wconf 88' lang='grc' dir='ltr'>παλ-</span> 
     </span>
    </p>
   </div>
  </div>
 </body>
</html>
