2192 3409
261 76 484 143 ‚fis-68]
910 76 1217 125 o'rPAmA.
1776 73 1870 121 245

263 158 425 221 Ἐπεὶ
478 158 537 219 δὲ
577 154 805 235 περιϊών
845 155 1041 233 εἰρώτα
1094 155 1127 216 6
1180 152 1514 232 Μαρδόνιος,
1563 152 1870 231 ἀρξάμενος
1889 156 1968 214 68

265 246 377 308 ‹ia-6
403 250 503 307 τοῦ
531 244 810 315 Σιδωνίου,
840 246 893 303 οἱ
917 245 1021 319 μὲν
1052 241 1226 302 ἄλλοι
1257 240 1400 301 καταῖ
1437 240 1613 301 τώυτό
1645 240 1872 322 γνώμην

266 336 595 413 ἐξεφέροντο
639 332 953 396 κελεύοντες
989 332 1303 411 ναυμαχίην
1339 332 1645 403 ποιέεσθαι,
1683 330 1870 407 Ἀρτε-

262 424 429 499 μισίη
456 422 517 481 δὲ
541 422 673 481 τάδε
700 422 829 496 ἔφη·
872 430 907 456 “
924 424 1098 480 εἰπεῖν
1121 446 1222 497 μοι
1248 419 1386 497 πρός
1411 420 1681 495 βασιλέα,
1711 425 1868 494 Μαρ-

265 509 426 581 δόνιε,
454 510 527 573 ὥς
564 508 671 589 ἐγώ
704 508 835 567 τάδε
876 510 1041 589 λέγω·
1086 506 1212 567 οὔτε
1257 508 1529 583 κακίστην
1569 508 1872 589 γενομένην

266 603 325 659 ἐν
361 603 500 676 τῇσι
546 597 890 675 ναυμαχίῃσι
929 600 1068 675 τῇσι
1109 594 1252 673 πρός
1291 594 1530 674 Εὐβοίῃ,
1575 593 1716 675 οὔτι·β
1745 594 1871 655 ε’λά-

262 710 441 763 χιστα
456 684 897 762 ἀποδεξαμένην,
926 684 1193 754 δέσποτα,
1219 681 1384 758 τήνδε
1417 686 1622 743 εὀῦσαν
1647 682 1871 764 γνώμην

262 798 337 848 με
367 772 579 833 δίκαιόν
610 778 765 832 ἐστιν
796 771 1246 841 ἀποδείκνυσθαι,
1271 770 1345 831 ταῖ
1377 770 1636 851 τυγχάνω
1672 772 1870 849 φρονέ-

266 885 413 919 ουσα
456 859 663 937 ἄριστα
717 865 773 923 ἐς
824 859 1132 941 πρήγματα.
1175 859 1248 918 τοὶ
1293 858 1394 917 σά.
1475 860 1574 917 καί
1610 886 1700 919 τοι
1739 860 1872 919 τάδε

265 948 434 1028 λέγω·
490 948 681 1023 φείδεο
715 952 827 1007 τῶν
862 951 1023 1023 νηῶν,
1054 948 1195 1023 μηδὲ
1231 946 1544 1024 ναυμαχίην
1577 948 1754 1006 ποιέο·
1817 950 1872 1006 οἱ
1921 980 1928 985 ·

264 1034 375 1112 γὰρ
402 1032 593 1112 ἄνδρες
616 1038 727 1094 τῶν
758 1039 878 1096 σῶν
912 1033 1126 1111 ἀνδρῶν
1159 1034 1460 1111 κρέσσονες
1492 1035 1734 1093 τοσοῦτό
1762 1039 1872 1095 εἶσι

268 1122 410 1179 nard.
438 1122 757 1192 θάλασσαν,
786 1122 926 1181 ὅσον
954 1120 1148 1199 ἄνδρες
1179 1125 1470 1202 γυναικῶν.
1550 1122 1612 1181 τί
1645 1122 1705 1181 δὲ
1736 1121 1872 1181 πάν-

265 1235 371 1273 τως
416 1210 527 1269 δέει
573 1236 644 1269 σε
684 1210 1029 1288 ναυμαχίῃσι
1068 1209 1534 1279 οἷνακινδυνεύεινς
1589 1208 1688 1268 οὐκ
1729 1211 1872 1289 ἔχεις

265 1300 369 1373 μὲν
410 1297 511 1361 τοῖς
555 1297 799 1373 Ἀθήνας
834 1302 1051 1373 τῶνπερ
1092 1298 1272 1357 εἵνεκα
1314 1295 1574 1375 ώρμήθης
1609 1297 1872 1374 στρατεύ-

268 1386 505 1455 monast
477 1411 621 1464 εχεις
656 1386 717 1445 δὲ
742 1385 845 1461 τήν
872 1384 1058 1461 ἄλλην
1080 1384 1369 1453 Ἑλλαδα;
1415 1385 1668 1462 ἐμποδων
1693 1386 1756 1444 δέ
1783 1394 1894 1445 τοι

269 1472 495 1531 ἵσταται
536 1473 731 1535 ουδείς·
802 1500 856 1531 οι
898 1471 943 1531 δ’
992 1474 1071 1532 ἔτι
1096 1472 1486 1549 ἀντέστησαν,
1531 1472 1871 1549 ἀπήλλαξαν

270 1558 411 1619 οὕτω
443 1559 513 1623 ὥς
546 1561 755 1623 κείνους
792 1561 1013 1635 ἔπρεπε.
1092 1565 1167 1639 τῇ
1199 1560 1316 1621 δὲ’
1291 1587 1398 1642 εγω
1443 1561 1609 1621 δοκέω
1649 1560 1872 1637 ἀποβή-

268 1648 477 1706 σεσθαι
542 1672 615 1706 τα
681 1649 795 1707 τῶν
864 1646 1248 1725 ἀντιπολέμων
1315 1648 1637 1730 πρήγματα,
1705 1653 1872 1709 τοῦτο

270 1733 495 1811 φράσω·
540 1733 611 1811 ἦν
644 1737 749 1811 μὲν
781 1734 861 1812 μὴ
897 1736 1160 1814 ἐπειχθῇς
1190 1738 1502 1815 ναυμαχίην
1531 1735 1875 1814 ποιεύμενος,

269 1820 427 1880 αλλα
464 1847 563 1885 τας
604 1826 741 1897 νῆας
782 1822 952 1883 αὐτοῦ
994 1824 1126 1901 ἔχῃς
1168 1824 1308 1901 πρός
1348 1827 1425 1903 ’γῇ
1465 1824 1658 1901 μένων,
1700 1823 1738 1901 ἢ
1779 1826 1874 1883 καὶ

268 1909 591 1985 προβαίνων
642 1914 697 1973 ἐς
752 1908 857 1985 τήν
924 1909 1388 1985 Πελοπόννησον,
1441 1911 1704 1975 εὐπετέως
1764 1939 1870 1981 τοι,

270 1996 535 2067 δέσποτα,
570 1994 819 2077 χωρήσει
852 1997 927 2057 τσῖ
955 1998 1125 2057 νοέων
1157 1997 1452 2072 ἐλήλυθας·
1521 1998 1586 2058 οὔ
1621 1999 1732 2079 γοῖρ
1764 2000 1878 2059 οἶοί

268 2110 329 2141 τε
376 2084 600 2146 πολλὰν
645 2086 851 2165 χρόνον
899 2087 1015 2145 εἶσί
1054 2110 1146 2145 τοι
1191 2084 1442 2165 ἀντέχειν
1489 2090 1544 2147 οἱ
1573 2086 1892 2163 Ἕλληνες

270 2170 425 2231 ἀλλά
475 2179 660 2248 σφεας
714 2172 1027 2251 διασκεδᾷς·
1111 2172 1254 2232 κατοὶ
1311 2173 1477 2237 πόλις
1531 2175 1590 2233 δὲ
1645 2175 1872 2233 ἔκαστοι

270 2258 587 2332 φεύξονται·
646 2258 772 2318 οὔτε
801 2286 913 2339 γαρ
944 2264 1105 2324 σῖτος
1137 2260 1289 2337 πάρα
1321 2262 1552 2336 σφίσι’
1527 2287 1586 2320 εν
1615 2264 1688 2338 τῇ
1718 2260 1874 2339 νήσω

268 2346 459 2425 ταύτῃ,
490 2346 561 2409 ὥς
586 2346 695 2428 ε’γω
728 2346 1093 2425 πυνθάνομαι,
1123 2374 1250 2408 ουτε
1271 2348 1482 2411 α’ὗτους
1509 2346 1672 2416 οἰκὸς,
1700 2345 1772 2423 ἣν
1796 2374 1872 2407 συ

272 2434 363 2491 ἐπὶ
388 2458 493 2509 την
527 2434 982 2511 Πελοπόννησον
1009 2435 1244 2515 ἐλαύνῃς
1277 2435 1378 2495 τὸν
1409 2420 1576 2507 πεζόν
1609 2460 1870 2511 στρατον,

270 2519 551 2597 ἀτρεμιεῖν
600 2547 730 2585 τους
776 2523 983 2582 ε’κεῖθεν
1024 2522 1206 2583 αυτῶν
1257 2522 1510 2599 ἥκοντας·
1594 2522 1723 2581 ουδέ
1761 2530 1875 2599 σφι

268 2608 513 2683 μελήσει
564 2608 675 2687 πρὸ
732 2613 843 2669 τῶν
896 2608 1208 2685 Ἀθηναίων
1261 2612 1609 2690 ναυμαχέειν.
1689 2608 1760 2687 ἢν
1813 2611 1873 2670 δὲ

272 2693 469 2755 αὐτίκα
495 2698 759 2775 ἐπειχθῇς
784 2701 1165 2777 ναυμαχῆσαι,
1188 2698 1444 2775 δειμαίνω
1469 2699 1550 2775 μὴ
1571 2698 1602 2759 6
1619 2700 1874 2763 ναυτικὰς

271 2784 514 2858 στρατός
540 2784 803 2847 κακωθεὶς
828 2785 928 2845 τᾶν
954 2784 1125 2855 πεζόν
1160 2786 1652 2863 προσδηλήσηται.
1732 2788 1876 2866 1πρὸς

272 2870 347 2938 δὲ,
384 2868 427 2929 ὦ
460 2873 729 2947 βασιλεῦ,
766 2872 859 2931 καὶ
896 2872 1027 2933 τόδε
1063 2876 1118 2935 ἐς
1163 2873 1339 2949 θυμὸν
1369 2875 1574 2949 βαλεῦ,
1611 2873 1681 2937 ὥς
1719 2879 1874 2934 τοῖσι

270 2959 375 3031 μὲν
400 2962 707 3036 χρηστοῖσι
731 2963 843 3019 τῶν
868 2958 1169 3037 ἀνθρώπων
1202 2986 1361 3019 κακοι
1387 2961 1582 3021 δοῦλοι
1608 2962 1874 3036 φιλέουσι

271 3043 545 3124 γίνεσθαι,
588 3050 741 3107 τοῖσι
784 3046 844 3105 δὲ
887 3050 1113 3106 κακοῖσι
1154 3050 1414 3126 χρηστοί·
1485 3074 1580 3107 σοι
1623 3049 1682 3108 δὲ
1728 3048 1873 3107 ἐόντι

274 3127 483 3211 οἷρίστω
534 3131 747 3209 ἀνδρῶν
796 3158 1017 3193 παντων
1072 3136 1231 3193 κακοὶ
1283 3136 1480 3197 δοῦλοί
1527 3140 1655 3206 εἶσι,
1707 3135 1762 3195 οἳ
1815 3139 1874 3193 ἐν
1911 3150 1920 3159 ’

276 3218 589 3298 συμμάχων
616 3218 771 3300 λόγῳ
796 3220 1059 3301 λέγονται
1086 3219 1243 3291 εἶναι,
1271 3223 1450 3289 ε’όντες
1491 3222 1786 3305 Αἰγύπτιοί
1812 3246 1874 3281 τε
