2192 3409
337 152 590 213 99—102]
946 150 1332 197 IIOATMNIA.
1838 153 1931 203 159

337 234 448 311 γῆν
473 231 772 308 τρέψαντες
802 229 1004 293 πάντες
1036 230 1383 305 μετωπηδόν,
1412 230 1505 289 καὶ
1534 229 1939 301 ἐξοπλίσαντες

336 316 470 380 τούς
497 316 833 393 ἐπιβατας
791 344 863 383 ως
884 321 938 380 ἐς
957 316 1229 395 πόλεμον·
1258 346 1289 377 ο
1275 316 1358 377 “’δ
1382 316 1532 381 ἐντος
1540 322 1661 379 των
1679 319 1937 397 πρωρέων

338 404 524 463 πλέων
552 406 766 479 ἐθηεῖτο
796 406 887 463 καὶ
912 431 1012 464 του
986 408 1309 484 ”αἷγιαλοῦ.

418 491 515 554 Ὡς
549 492 606 549 δὲ
640 492 732 550 καὶ
767 493 968 554 ταύτας
1005 492 1360 562 διεξέπλωσε,
1388 493 1481 551 καὶ
1512 492 1682 568 ,ἐξέβη
1710 497 1771 559 ε’,κ
1794 495 1896 569 τῆς
1916 492 2027 560 101

337 578 474 647 νεός,
502 580 898 657 μετεπέμψατο
930 577 1280 655 ,Δημάρητον
1319 579 1419 639 τόν
1451 578 1802 655 Ἀρίστωνος,
1839 606 1939 639 συ-

335 666 780 743 στρατευόμενον
818 664 968 744 αύτῷ
1009 666 1101 725 ἐπὶ
1132 666 1235 741 τὴν
1264 665 1538 725 Ἑλλάδα·
1601 668 1846 731 καλέσας
1891 665 1937 727 δ’·

334 752 506 814 αὖτόν
549 754 722 831 εἴρετο
761 753 921 823 τάδεζ
952 763 992 823 “,
1009 752 1331 867 Δημάρητε,
1366 757 1463 814 νῦν
1498 754 1604 831 μοι’
1638 780 1709 815 σε
1743 752 1851 831 η’δύ
1883 780 1939 815 τι

335 842 461 901 ε’στὶ
497 835 813 919 ἐπείρεσθαι
848 842 920 901 τιὶ
955 834 1123 903 θέλω·
1164 867 1239 900 συ
1278 840 1353 905 εἶς
1377 840 1602 919 Ἕλλην
1634 868 1713 912 τε,
1740 844 1833 901 καὶ
1868 842 1940 907 ὥς

337 928 447 1007 ἐγὼ
473 929 821 1006 πυνθανομαι
847 932 950 989 σεῦ
974 953 1036 988 τε
1061 930 1157 987 καὶ
1181 932 1290 990 τῶν
1315 927 1505 989 ἄλλων
1522 928 1810 1005 Ἑλλήνων
1828 955 1940 989 των

335 1016 461 1091 ἐμοὶ
487 1021 542 1079 ἐς
579 1016 844 1097 λόγους’
807 1042 1229 1093 απικνεομενων,
1255 1015 1455 1082 πόλιος
1492 1014 1605 1077 οὔτ’
1634 1018 1939 1096 ἐλαχίστης

335 1100 450 1161 οὔτ’
493 1101 922 1179 ἀσθενεστάτης·
993 1108 1090 1163 νῦν
1144 1101 1217 1163 ὧν
1263 1129 1362 1180 μοι
1412 1101 1541 1163 τόδε
1593 1104 1834 1181 φράσον,
1890 1130 1942 1163 ει

323 1186 630 1297 Ελληνες
654 1188 1030 1267 υπομενέουσι
1085 1194 1277 1269 χεῖρας
1331 1190 1453 1267 ε’μοὶ
1506 1189 1935 1271 ἀνταειρόμενοι·

333 1272 404 1333 οὖ
430 1302 558 1356 γαρ,
588 1303 658 1340 ως
685 1276 792 1358 ἐγω
820 1276 1012 1350 δοκέω,
1036 1276 1148 1336 οὐδ’
1178 1280 1227 1335 εἰ
1251 1276 1450 1341 ποῖντες
1458 1276 1737 1354 Ελληνες
1764 1304 1856 1337 και
1882 1280 1938 1338 οἱ

330 1364 529 1424 λοιποὶ
573 1360 627 1425 οἱ
667 1390 808 1441 προς
863 1365 1104 1441 εσπέρης
1147 1363 1413 1427 οἰκέοντες
1465 1363 1745 1442 ανθρωποι
1797 1368 1936 1425 συλ-

331 1454 692 1564 λεχθειησαν,
722 1478 821 1511 ουκ
845 1444 1159 1530 ἀξιόμαχοί
1182 1456 1291 1511 εἶσι
1328 1454 1425 1529 ε’με
1454 1451 1678 1512 ἐπιόντα
1708 1451 1937 1533 υπομεῖ·

329 1564 440 1609 ναι,
475 1566 557 1615 μη
604 1536 784 1602 εόντες
829 1536 1074 1616 αρθμιοι·
1136 1538 1310 1599 ε’θέλω
1348 1540 1539 1619 μέντοι
1576 1539 1671 1599 καὶ
1709 1566 1775 1600 το
1818 1538 1935 1600 dvo

305 1630 453 1696 ’σεΰ,
493 1625 681 1685 ὁκοῖόν
705 1652 762 1685 τι
791 1627 974 1707 λέγεις
1001 1626 1137 1703 περὶ
1158 1626 1352 1697 αὖτῶν,
1378 1622 1708 1688 πυθέσθαιῗ
1774 1627 1809 1687 ὅ
1832 1628 1939 1703 μὲν

330 1716 509 1772 ταῦτα
526 1712 740 1789 ειρῶτα·
768 1740 824 1772 ο
785 1709 884 1771 ’,δὲ
907 1712 1217 1790 ὖπολαβῶν
1238 1712 1366 1789 ἔφη·
1396 1722 1431 1749 “
1446 1716 1713 1790 βασιλεῦ,
1735 1712 1937 1793 κότερα

329 1798 576 1879 ἀληθηΐῃ
613 1798 919 1878 χρήσομαι
966 1827 1106 1877 προς
1153 1804 1223 1860 σὲ
1268 1798 1305 1876 ἢ
1348 1800 1585 1880 ηδονῇΡ
1537 1848 1553 1871 ,
1653 1802 1687 1861 ὅ
1734 1802 1797 1861 δέ
1838 1827 1937 1878 μιν

329 1885 578 1965 ἆληθηιῃ
603 1886 952 1967 χρῆσασθαι
998 1890 1231 1957 ἐκέλευε,
1274 1887 1387 1964 φας
1432 1886 1588 1948 οὐδέν
1629 1892 1683 1949 οἱ
1734 1889 1931 1965 αἶηδεσ-
2008 1916 2016 1921 ·

329 2000 491 2050 τερον
520 1976 818 2037 ἔσεσθαι
783 2004 820 2053 η
847 1975 1121 2054 πρότερον
1155 1975 1241 2051 ἦν·
1286 2002 1357 2039 ως
1393 1976 1453 2036 δὲ
1483 1981 1659 2037 ταῦτα
1684 1977 1893 2054 ἤκουσε
1914 1979 2028 2036 102

331 2062 684 2141 Δημάρητος,
729 2065 887 2145 ἔλεγε
920 2063 1070 2123 τάδε.
1120 2073 1163 2135 “-
1169 2066 1436 2140 βασιλεῦ,
1472 2064 1659 2141 ἐπειδὴ
1692 2063 1933 2143 σῖληθηΐῃ

335 2149 756 2228 διαχρήσασθαι
779 2149 994 2213 πάντως
1017 2177 1091 2227 με
1118 2150 1373 2221 κελεύεις,
1400 2156 1574 2212 ταῦτα
1600 2152 1839 2233 λέγοντα
1862 2152 1934 2211 τὰ

327 2237 409 2313 μή
450 2237 788 2314 ψευδόμενός
827 2263 912 2301 τις
949 2236 1186 2314 ὕστερον
1224 2237 1335 2298 ύπὸ
1376 2241 1480 2297 σεῦ
1522 2238 1821 2310 οἶλῶσεται,
1861 2242 1933 2317 τῇ

327 2322 567 2382 Ἑλλάδι
612 2325 774 2401 πενίη
819 2326 924 2399 μὲν
979 2326 1090 2384 αἰεί
1134 2350 1261 2386 κοτε
1312 2325 1629 2401 σύντροφος
1682 2324 1929 2397 σύνεστι,

329 2408 499 2487 ἀρετὴ
527 2412 585 2468 δὲ
613 2410 847 2474 ἔπακτός
874 2414 1014 2483 ε’στι,
1047 2412 1162 2472 α’πό
1187 2438 1251 2472 τε
1276 2411 1486 2488 σοφίης
1513 2410 1932 2491 κατεργασμένη

331 2496 423 2554 καὶ
465 2496 636 2574 νόμου
681 2500 937 2576 ἰσχυροῦ·
979 2503 1051 2577 τῇ
1089 2500 1463 2579 διαχρεωμένη
1498 2496 1537 2573 ἦ
1571 2496 1808 2567 Ἑλλὰς,
1828 2496 1933 2573 τήν

328 2608 391 2643 τε
429 2585 622 2661 πενίην
664 2584 1011 2663 ἀπαμύνεται
1043 2588 1137 2646 καὶ
1172 2587 1276 2663 τήν
1316 2584 1689 2661 δεσποσύνην.
1773 2585 1933 2644 αἰνέω

327 2670 430 2747 μέν
470 2696 567 2733 νυν
607 2671 819 2736 πάντας
854 2671 1144 2749 Ἕλληνας
1188 2672 1318 2736 τούς
1364 2672 1491 2751 περὶ
1540 2674 1747 2736 κείνους
1797 2670 1927 2735 τοῦς

329 2760 611 2834 Δωρικοῦς
647 2785 863 2839 χωρους
907 2761 1243 2837 οἰκημένους·
1288 2761 1522 2839 ἔρχομαι
1560 2760 1618 2819 δὲ
1656 2760 1830 2831 λέξων
1866 2758 1935 2819 οὗ

327 2846 457 2921 περὶ
473 2844 691 2907 πάντων
709 2846 914 2907 τούσδε
935 2846 1063 2910 τοῦς
1089 2845 1313 2927 λόγους,
1334 2847 1491 2907 ἀλλὰ
1474 2848 1664 2959 ’.περὶ
1662 2846 1931 2907 Λακεδαι-

327 2934 530 3010 μονίων
563 2934 800 3012 μούνων·
846 2940 1038 3011 πρῶτα
1068 2936 1188 3011 μὲν,
1218 2933 1307 2994 ὅτι
1338 2960 1436 2994 ουκ
1470 2936 1591 2994 ἔστι
1631 2934 1767 2996 ὅκως
1803 2958 1930 2992 κοτε

329 3046 468 3084 σους
499 3020 748 3091 δέξονται
784 3020 990 3102 λόγους
1027 3020 1372 3096 δουλοσύνην
1403 3022 1675 3098 φέροντας
1698 3023 1769 3098 τῇ
1794 3019 1924 3077 Ἐλ-

325 3106 476 3167 λαδι·
520 3108 671 3173 αὖτις
707 3107 853 3179 δέ,“
812 3135 882 3171 ως
923 3106 1291 3169 ἀντιώσονταί
1312 3132 1401 3168 τοι
1429 3134 1483 3171 ες
1506 3106 1712 3187 μάχην,
1743 3104 1833 3163 καὶ
1860 3104 1929 3180 ἢν

328 3198 382 3254 οἱ
409 3194 582 3255 αλλοι
595 3196 877 3271 Ἕλληνες
913 3220 1113 3258 παντες
1137 3220 1210 3253 τα
1239 3221 1319 3255 σα
1350 3195 1648 3272 φρονέωσι·
1691 3191 1930 3270 ἀριθμοῦ

328 3280 387 3368 δὲ
413 3282 557 3365 πέρι,
583 3282 664 3365 μή
691 3281 842 3364 πύθῃ
871 3280 999 3341 ὅσοι
1023 3282 1167 3343 τινὲς
1192 3280 1375 3347 ἐόντες
1398 3285 1573 3347 ταῦτα
1592 3282 1799 3341 ποιέειν
1819 3277 1931 3339 οἶοί
