2192 3409
310 138 590 205 177-183]
866 140 1286 189 ΠΟΛΤΜΝῘΑ.
1813 140 1908 189 195

309 219 427 283 νέες
455 220 603 296 τρεῖς
626 178 967 293 Ἑλληνίδες,
997 218 1294 295 Τροιζηνίη
1319 240 1382 277 τε
1415 218 1506 276 καὶ
1533 218 1790 299 Αἰγιναίη
1818 218 1912 277 καὶ

305 304 556 381 Ἀττική·
596 305 916 382 προῖδόντες
952 305 1014 364 δὲ
1050 330 1204 364 ουτοι
1237 329 1341 367 τας
1380 304 1506 367 νέας
1540 308 1652 364 τῶν
1681 305 1959 381 βαρβά-ὀ

304 420 431 469 ρων,
470 397 525 456 ἐς
561 391 749 473 φυγὴν
786 390 1073 469 ὥρμησαν·
1127 392 1243 467 Τήν
1277 393 1380 467 μὲν
1416 391 1483 467 δη
1521 392 1860 469 Τροιζηνίην,
1888 394 2004 452 180

304 485 405 555 τῆς
429 479 569 558 ἦρχε
602 479 900 555 Πρηξῖνος,
932 479 1129 539 αὐτίκα
1167 480 1418 557 αἱρέουσι
1453 479 1819 556 ἐπισπόμενοι
1855 483 1910 539 οἱ

305 567 617 643 βάρβαροι·
687 568 779 625 καὶ
833 567 1022 625 ἔπειτα
1060 571 1184 627 ’τῶν
1239 567 1548 641 ἐπιβατέων
1595 566 1764 643 αὐτῆς
1808 568 1908 627 τὸν

308 654 751 714 καλλιστεύοντα
786 653 1087 733 ἀγαγόντες
1125 654 1215 713 ἐπὶ
1253 658 1354 729 τῆς
1383 653 1606 731 πρῶρης
1637 659 1738 730 τῆς
1779 654 1910 731 νηὸς

307 740 573 816 ἔσφαξαν,
607 741 879 811 διαδέξιον
904 740 1222 816 ποιεύμενοι
1256 742 1355 801 τόν
1383 742 1538 802 εἷλον
1565 746 1674 802 τῶν
1699 742 1906 819 Ἑλλή-

304 852 412 886 νων
450 832 669 904 πρῶτον
716 829 808 886 καὶ
862 826 1194 890 κάλλιστον·
1275 832 1354 906 τῷ
1391 828 1452 887 δὲ
1489 831 1906 909 σφαγιασθέντι

302 914 481 993 τούτῳ
508 914 720 992 οὕνομα
744 914 815 991 ἦν
840 916 1016 975 Λέων·
1056 915 1206 994 τάχα
1232 915 1278 973 δ’
1307 914 1374 974 ἄν
1407 940 1464 975 τι
1503 916 1593 973 καὶ
1617 920 1718 975 τοῦ
1752 916 1904 976 οὐνό-

302 1026 479 1076 ματος
506 1001 818 1079 ἐπαύροιτο·
884 1001 959 1061 Ἣ
992 1002 1053 1061 δὲ
1078 1003 1354 1083 Αἰγιναίη,
1382 1006 1484 1077 τῆς
1511 1002 1862 1082 ἐτριηράρχεε
1882 1006 1992 1062 181

301 1087 623 1164 Ἀσωνίδης,
660 1090 757 1148 καί
789 1088 913 1149 τινά
952 1096 1065 1165 σφι
1107 1090 1355 1168 θόρυβον
1393 1089 1659 1168 παρέσχε,
1705 1091 1905 1149 Πυθέω
2043 1114 2048 1119 ·

302 1178 406 1234 τοῦ
446 1173 735 1254 Ἰσχενόου
782 1177 1210 1253 ἐπιβατεύοντος
1241 1176 1438 1253 οἷνδρὸς
1473 1176 1707 1253 ἀρίστου
1747 1204 1901 1258 γενο-

301 1262 473 1339 μένου
496 1263 703 1340 ταύτην
724 1263 830 1339 τήν
847 1264 1078 1341 ἡμέρην·
1109 1264 1170 1327 ὂς
1190 1264 1378 1341 ἐπειδὴ
1397 1264 1435 1338 ἦ
1455 1269 1588 1327 ναῦς
1605 1264 1897 1341 ἡλίσκετο,

302 1354 359 1413 ἐς
397 1355 563 1411 τοῦτο
604 1350 825 1431 α’ντεῖχε
864 1352 1199 1431 μαχόμενος,
1245 1357 1300 1415 ἐς
1347 1352 1380 1412 ὂ
1427 1354 1902 1433 κατεκρεουργήθη

300 1436 464 1502 ἅπας·
507 1438 577 1502 ὥς
603 1439 663 1497 δὲ
687 1439 879 1499 πεσῶν
905 1440 1004 1499 οὐκ
1033 1440 1276 1501 ἀπέθανε
1311 1440 1442 1499 ἀλλ’
1467 1440 1538 1516 ἦν
1565 1442 1814 1516 ἔμπνοος,
1843 1444 1898 1500 οἱ

302 1525 543 1601 Πέρσαι,
578 1524 737 1603 οἵπερ
776 1526 1116 1602 ἐπεβάτευον
1147 1529 1239 1587 ἐπὶ
1273 1532 1384 1588 τῶν
1415 1533 1565 1597 νεῶν,
1605 1527 1672 1586 δι’
1699 1527 1900 1605 άρετήν

301 1610 407 1686 τήν
445 1612 653 1672 ἐκείνου
692 1614 1062 1691 περιποιῆσαί
1094 1641 1194 1692 μιν
1231 1616 1359 1691 περὶ
1397 1609 1680 1674 πλείστου
1713 1616 1898 1691 ἐποιή-

219 1710 228 1715 ’
300 1724 495 1769 σαντο,
537 1699 826 1779 σμύρνῃσί
851 1726 913 1761 τε
956 1702 1173 1779 ἰώμενοι
1207 1702 1279 1761 τοὶ
1315 1703 1480 1762 ἕλκεα
1521 1704 1613 1762 καὶ
1645 1700 1899 1767 σινδόνος

298 1787 583 1862 βυσσίνης
614 1791 925 1901 τελαμῶσι
980 1790 1449 1852 κατειλίσσοντες·
1520 1792 1616 1849 καί
1661 1816 1774 1867 μιν,
1827 1791 1898 1855 ὥς

299 1872 485 1933 ὀπίσω
524 1873 787 1935 ἀπίκοντο
820 1880 875 1940 ἐς
913 1902 979 1936 το
1016 1880 1228 1936 ἑωυτῶν
1237 1876 1657 1986 στρατόπεδον,
1695 1878 1897 1939 ἐπεδεί-

300 1986 510 2021 κνυσαν
576 1963 1015 2043 ἐκπαγλεόμενοι
1074 1990 1234 2042 πασῃ
1285 1968 1356 2043 τῇ
1409 1970 1664 2045 στρατιῇ,
1717 1968 1894 2045 περιέ-

298 2074 495 2111 ποντες
535 2056 614 2109 εὖ·
653 2051 883 2113 τούς·δὲ
922 2049 1138 2114 ἄλλους
1174 2052 1302 2115 τούς
1343 2053 1558 2129 ἔλαβον
1597 2059 1655 2114 ἐν
1693 2058 1766 2133 τῇ
1805 2056 1896 2131 νηι·

296 2135 473 2215 ταύτῃ
496 2141 783 2213 περιεῖπον
804 2137 875 2200 ὥς
901 2136 1236 2214 ἀνδράποδα
1307 2142 1380 2197 Αἱ
1405 2143 1510 2216 μὲν
1535 2140 1602 2216 δὴ
1623 2138 1720 2201 δύο
1745 2146 1854 2202 τῶν
1875 2146 1988 2201 182

297 2225 433 2281 νεῶν
459 2222 599 2282 οὕτω
627 2223 1024 2301 ἐχειρώθησαν·
1063 2224 1104 2301 ἦ
1129 2224 1190 2283 δὲ
1214 2226 1386 2303 τρίτη,
1413 2230 1514 2302 τῆς
1540 2228 1893 2307 ἐτριηράρχεε

298 2307 535 2383 Φόρμος,
570 2308 709 2385 ἀνὴρ
734 2309 1043 2385 Ἀθηναῖος,
1074 2310 1366 2392 φεύγουσα
1401 2314 1685 2381 ἐξοκέλλει
1715 2319 1772 2376 ἐς
1793 2315 1893 2378 ταῖς

296 2395 552 2470 ἐσβολὰς
576 2399 677 2455 τοῦ
704 2400 967 2471 Πηνειοῦ·
1010 2399 1103 2458 καὶ
1127 2404 1228 2459 τοῦ
1251 2402 1354 2476 μὲν
1385 2399 1636 2475 σκάφεος
1667 2401 1891 2477 ἐκράτη-

295 2505 409 2540 σαν
446 2485 499 2541 οἶ
533 2482 827 2560 βάρβαροι
850 2489 961 2545 τῶν
1001 2486 1065 2565 δὲ,
1086 2485 1410 2563 οἷνδρῶνοοῧ·
1455 2486 1524 2549 ὥς
1553 2486 1664 2567 γὰρ
1691 2488 1760 2563 δὴ
1796 2489 1890 2548 τά·-

232 2620 241 2631 .
290 2594 469 2648 χιστα
494 2570 801 2630 ἐπώκειλαν
830 2572 933 2648 τὴν
959 2574 1056 2632 νέα
1088 2576 1143 2632 οἱ
1168 2572 1470 2649 Ἀθηναῖοι,
1501 2574 1884 2651 ἀποθορόντες,

292 2655 434 2716 κατὰ
470 2660 798 2734 Θεσσαλίην
833 2660 1196 2736 πορευόμενοι
1229 2662 1614 2737 ἐκομίσθησαν
1647 2667 1702 2726 ἐς
1725 2662 1888 2739 Ἀθή-

290 2768 406 2806 νας.
488 2750 664 2805 ταῦτα
692 2750 745 2805 οἱ
770 2746 1051 2823 Ἕλληνες
1078 2750 1134 2806 οἱ
1171 2747 1254 2807 ἐπ’
1279 2748 1615 2828 Ἀρτεμισίῳ
1652 2776 1886 2828 στρατο-

288 2830 641 2907 πεδευόμενοι
670 2834 1041 2893 πυνθάνονται
1074 2833 1228 2911 παρὰ
1267 2840 1500 2911 πυρσῶν
1536 2840 1597 2895 ἐκ
1625 2838 1887 2901 Σκιάθου·

287 2918 589 2993 πυθόμενοι
630 2920 689 2979 δὲ
726 2922 817 2978 καὶ
858 2922 1397 2997 καταρρωδήσαντες,
1427 2922 1538 2983 άπό
1572 2929 1674 2983 τοῦ
1698 2924 1885 3000 Ἀρτε-

285 3006 479 3079 μισίου
524 3008 933 3083 μετωρμίζοντο
979 3013 1035 3069 ἐς
1081 3010 1356 3079 Χαλκίδα,
1401 3007 1746 3084 φυλάξοντες
1785 3014 1888 3086 μὲν

284 3092 383 3149 τὸν
434 3092 699 3169 Εὔριπον,
743 3094 1031 3155 λείποντες
1070 3095 1132 3153 δὲ
1177 3095 1623 3179 ημεροσκόπους
1613 3097 1776 3202 “n-epi
1813 3096 1886 3156 τοὶ

283 3176 477 3254 υψηλοὶ
505 3184 608 3254 τῆς
604 3178 895 3283 ΑΕυβοίης.
968 3185 1091 3240 Τῶν
1127 3182 1188 3241 δὲ
1218 3183 1350 3243 δέκα
1390 3188 1525 3245 νεῶν
1562 3186 1674 3245 τῶν
1703 3186 1846 3261 βαρ·
1868 3187 1980 3245 183

276 3263 477 3348 βξρων
507 3268 657 3342 τρεῖς
692 3265 981 3326 ἐπέλασαν
1014 3267 1146 3345 περὶ
1179 3268 1247 3329 ‘td
1287 3270 1429 3348 ἕρμα
1464 3272 1530 3333 τὸ
1556 3270 1768 3348 μεταξι)
1795 3271 1888 3332 ε’ὂν
