2192 3409
336 102 435 151 242
952 100 1316 151 ἭΡοΔοΤοτ
1375 106 1400 129 .
1757 98 1941 165 [VIII.

336 180 519 239 ἐθέλει
544 180 673 241 οὐδὲ
698 180 731 241 ὅ
758 180 882 245 θεός
904 181 1289 259 προσχωρέειν
1307 178 1450 257 πρὸς
1467 180 1568 243 τὰς
1587 178 1942 257 ἅνθρωπηΐας

242 267 313 325 61
336 267 577 346 γνώμας.
658 272 847 327 Ταῦτα
892 269 1156 349 λέγοντος
1197 267 1661 344 Θεμιστοκλέους,
1710 267 1863 331 αὖτις
1907 270 1944 329 ὅ

336 357 636 432 Κορίνθιος
663 356 1021 434 Ἀδείμαντος
1058 355 1377 433 ἐπεφέρετο,
1405 358 1580 435 σιγᾶν
1608 382 1671 415 τε
1708 356 1944 415 κελεύων

334 446 414 522 τῷ
450 444 531 520 μή
573 449 695 503 ἐστι
733 444 933 521 πατρὶς
967 443 1058 501 καὶ
1092 442 1450 520 Εὐρυβιάδεα
1483 442 1582 502 ούκ
1615 448 1718 503 ἐῶν
1745 449 1944 521 ἐπιψη-

338 532 520 606 φίζειν
562 530 738 591 οἶπόλι
776 529 951 606 ἀνδρί·
1012 530 1184 590 πόλιν
1235 530 1345 611 γσὶρ
1398 530 1498 591 τόν
1551 533 1944 605 Θεμιστοκλέα

342 617 741 695 παρεχόμενον,
782 616 921 677 οὕτω
957 618 1178 677 ε’κέλευε
1210 618 1434 698 γνώμας
1469 617 1938 693 συμβάλλεσθαι·

339 708 516 763 ταῦτα
556 705 620 763 δέ
658 707 711 764 οἱ
748 705 1045 782 προέφερε,
1086 704 1175 765 ὅτι
1205 704 1502 780 ἡλώκεσάν
1532 730 1595 765 τε
1626 706 1720 764 καὶ
1761 706 1937 765 κατεί-

335 816 508 869 χοντο
540 794 599 851 αἱ
626 791 877 867 Ἀθῆναι.
958 790 1085 851 τότε
1121 792 1190 868 δὴ
1229 792 1262 851 ὅ
1297 794 1715 870 Θεμιστοκλέης
1761 792 1942 853 κεῖνόν

336 902 399 938 τε
447 878 541 939 καὶ
578 878 707 943 τοῦς
742 880 1072 956 Κορινθίους
1107 878 1304 939 πολλά
1337 904 1402 939 τε
1445 880 1536 938 καὶ
1581 879 1723 939 κακοὶ
1759 881 1937 961 ἔλεγε·

336 968 597 1027 immoto-6
622 993 685 1027 τε
718 967 921 1043 ἐδήλου
954 961 1108 1048 λόγῳ
1143 966 1215 1031 ὥς
1247 968 1335 1043 εἴη
1369 967 1462 1025 καὶ
1499 966 1670 1031 πόλις
1723 966 1814 1025 καὶ
1859 973 1938 1049 γῆ

334 1054 515 1130 μέζων
538 1052 683 1132 ἥπερ
704 1056 951 1124 κείνοισι,
980 1054 1095 1114 ἔστ’
1119 1052 1188 1115 ἂν
1206 1054 1482 1129 διηκόσιαι
1511 1056 1638 1131 νῆές
1663 1061 1774 1130 σφι
1801 1057 1936 1115 ἔωσι

338 1144 787 1220 πεπληρωμέναι·
828 1140 1102 1218 οὖδαμοῦς
1135 1141 1246 1223 γὰρ
1269 1141 1556 1218 Ἑλλήνων
1591 1141 1788 1205 αὐτούς
1823 1148 1934 1202 ἐπι-

244 1230 319 1288 62
338 1228 501 1293 όντας
524 1230 1001 1308 ἀποκρούσεσθαι.
1072 1229 1366 1306 Σημαίνων
1391 1229 1454 1287 δὲ
1475 1234 1666 1303 ταῦτα,
1689 1234 1766 1309 τῷ
1783 1229 1936 1311 λόγῳ

336 1316 583 1393 διέβαινε
597 1324 651 1381 ἐς
667 1317 1024 1395 Εὐρυβιάδεα
1046 1317 1228 1399 λέγων
1242 1320 1470 1394 μᾶλλον
1485 1319 1931 1394 ἐπεστραμμένα·

338 1414 375 1487 f‘
390 1405 465 1465 m)
488 1411 535 1465 εἰ
552 1407 759 1483 μενέεις
776 1404 961 1475 αὐτοῦ,
980 1404 1071 1464 καὶ
1089 1404 1268 1481 μένων
1291 1406 1446 1464 ἔσεαι
1461 1404 1600 1481 ἀνὴρ
1621 1404 1934 1486 ἀγαθός·-

339 1496 387 1551 εἰ
422 1494 482 1551 δὲ
514 1520 612 1570 μη,
641 1492 965 1571 ἀνατρέψεις
988 1491 1093 1567 τήν
1119 1491 1391 1551 Ἑλλάδα·
1431 1492 1500 1552 τό
1526 1497 1640 1551 πᾶν
1661 1492 1771 1574 γσῖρ
1799 1493 1935 1569 ἡμῖν

334 1583 437 1639 τοῦ
462 1582 715 1656 πολέμου
752 1581 992 1658 φέρουσι
1017 1584 1077 1639 αἱ
1101 1585 1246 1656 νῆες.
1327 1580 1461 1639 ἀλλ’
1487 1580 1611 1657 ἐμοὶ
1637 1581 1842 1641 πειθεο·
1888 1586 1935 1640 εἰ

336 1666 397 1725 δὲ
421 1671 597 1726 ταῦτα
630 1694 713 1743 μη
744 1668 1014 1744 ποιήσεις,
1042 1668 1202 1745 ἡμεῖς
1235 1670 1354 1744 μὲν,
1383 1667 1456 1731 ὥς
1481 1670 1697 1747 ἔχομεν,
1724 1666 1932 1727 αναλα-

336 1753 539 1829 βόντες
580 1781 709 1817 τους
752 1757 978 1829 οικέτας,
1026 1756 1366 1833 κομιεύμεθα
1409 1760 1464 1818 ἐς
1519 1756 1674 1831 Σίριν
1725 1754 1830 1830 τήν
1875 1761 1934 1815 ἐν

333 1839 563 1919 Ἰταλίῃ,
590 1841 733 1918 ἥπερ
758 1840 999 1921 ἡμετέρη
1024 1844 1090 1902 τέ
1117 1848 1239 1902 ἐστι
1266 1848 1325 1902 ἐκ
1351 1846 1596 1902 παλαιοῦ
1625 1844 1717 1915 ἔτι,
1745 1842 1836 1901 καὶ
1859 1842 1932 1901 τὰ

344 1928 515 2008 λόγια
540 1930 697 2010 λέγει
721 1928 812 1987 ὕπ’
838 1928 1023 2005 ἤμέων
1058 1930 1232 2005 αὐτὴν
1257 1930 1398 1989 δέειν
1425 1930 1736 2003 κτισθῆναι·
1777 1928 1933 2005 ὖμεῖς

333 2016 392 2075 δὲ
424 2016 736 2095 συμμάχων
767 2018 991 2076 τοιῶνδε
1025 2018 1396 2093 μουνωθέντες
1431 2016 1791 2094 μεμνήσεσθε
1821 2020 1932 2076 τῶν

240 2106 316 2163 63
339 2108 484 2179 ε’μῶν
534 2102 769 2185 λόγων.”
851 2107 1039 2163 Ταῦτα
1068 2104 1142 2163 -δὲ
1187 2103 1599 2180 Θεμιστοκλέος
1651 2104 1930 2183 λέγοντος,

332 2191 720 2252 ἀνεδιδάσκετο
746 2190 1120 2268 Εὐρυβιάδης·
1151 2192 1360 2251 δοκέειν
1385 2192 1449 2250 δέ
1469 2216 1584 2267 μοι,
1605 2190 1933 2267 ἀρρωδήσας

329 2279 585 2357 μάλιστα
624 2278 758 2341 τούς·
806 2278 1134 2355 Ἀθηναίους
1173 2278 1579 2347 ἀνεδιδάσκετο,
1621 2277 1704 2355 μή
1748 2282 1932 2353 σφεας

330 2366 672 2442 ἀπολίπωσι,
718 2366 787 2443 ἢν
825 2366 965 2443 πρός
997 2365 1100 2427 τόν
1132 2365 1365 2443 Ἰσθμὸν
1403 2365 1584 2447 ἀνάγῃ
1631 2365 1734 2427 τοῖς
1777 2370 1930 2440 νῆας·

330 2454 719 2515 ἀπολιπόντων
756 2454 867 2534 γὰρ
907 2452 1229 2529 Ἀθηναίων,
1273 2454 1456 2513 οὐκέτι
1496 2454 1742 2533 ἐγίνοντο
1783 2453 1931 2522 ἀξιό-

334 2568 509 2619 μαχοι
550 2546 603 2601 οἱ
642 2542 853 2599 λοιποί·
902 2540 1109 2615 ταύτην
1147 2540 1208 2599 δὲ
1251 2542 1492 2617 αἱρέεται
1535 2540 1640 2616 τὴν
1681 2539 1924 2621 γνώμην,

330 2628 500 2687 αὐτοῦ
526 2630 793 2706 μένοντας
818 2628 1257 2706 διαναυμαχέειν.

236 2716 312 2773 64
399 2714 559 2773 Οὕτω
610 2717 713 2789 μὲν
767 2718 821 2773 οἱ
872 2716 999 2791 περὶ
1060 2717 1356 2791 Σαλαμῖνα
1409 2717 1568 2774 ἔπεσι
1629 2714 1928 2791 ἀκροβολι-

332 2799 583 2874 σάμενοι,
614 2801 738 2859 ἐπεί
756 2827 820 2860 τε
844 2800 1172 2879 Εὐρυβιάδῃ
1199 2802 1366 2871 ἔδοξε,
1395 2802 1564 2861 αὐτοῦ
1589 2802 1930 2878 παρεσκευά-

330 2886 491 2955 ζοντο
520 2885 589 2947 ὥς
615 2888 1087 2965 ναυμαχήσοντες·
1129 2888 1308 2965 ἡμέρη
1343 2914 1405 2948 τε
1439 2890 1665 2969 ἐγίνετο,
1695 2890 1787 2947 καὶ
1813 2888 1932 2965 ἅμα

327 2976 404 3049 τῷ
438 2972 579 3049 ήλίῳ
612 2970 820 3031 ἀνιόντι
855 2973 1093 3048 σεισμδς
1129 2976 1346 3055 ἐγένετο
1375 2979 1430 3034 ἔν
1454 3000 1516 3033 τε
1541 2980 1612 3053 τῇ
1638 2980 1714 3056 γῇ
1742 2976 1834 3034 καὶ
1858 2980 1931 3053 τῇ

334 3056 623 3133 θαλάσσῃ·
679 3058 829 3126 ἔδοξε
862 3058 925 3117 δέ
956 3066 1069 3133 σφι
1107 3060 1374 3128 εὔξασθαι
1403 3063 1557 3119 τοῖσι
1599 3062 1796 3131 θεοῖσι,
1837 3063 1932 3120 καὶ

334 3142 780 3201 ἐπικαλέσασθαι
806 3143 934 3205 τούς
960 3145 1224 3207 Αἰακίδας
1243 3146 1594 3223 συμμάχους·
1623 3146 1695 3209 ὦς
1727 3147 1789 3206 δέ
1813 3155 1928 3223 σφι

334 3224 503 3292 ἔδοξε,
537 3226 629 3283 καὶ
666 3229 881 3287 ἐποίευν
906 3232 1102 3288 ταῦτα·
1144 3230 1431 3306 εὐξάμενοι
1456 3231 1566 3311 γοὶρ
1591 3238 1738 3291 πᾶσι
1773 3236 1930 3294 τοῖσι
