2192 3409
269 82 364 129 156
871 78 1237 127 ἨΡΟΔΟΤΟΤ
1706 76 1859 141 [VII.

268 159 361 217 καὶ
385 156 680 235 Ἀθηνέων·
719 159 776 219 οἰ
799 156 860 218 δὲ
884 157 996 218 ‹iu-<3
1021 156 1334 233 Ἀρκαδίης·
1377 158 1430 216 οἰ
1464 154 1525 217 δὲ
1558 154 1672 217 α’,πό
1711 158 1861 218 Κύθ-

261 272 383 306 νου·
425 248 479 305 οἶ
521 245 581 307 δὲ
619 243 734 306 ἆπό
777 246 1049 320 Φοινίκης·
1093 248 1147 303 οἱ
1187 244 1248 302 δὲ
1286 242 1399 303 α’πό
1440 244 1745 321 Αἰθιοπίης,
1792 246 1863 309 ὥς

266 332 424 395 αὐτοὶ
455 333 700 411 Κύπριοι
738 333 992 412 λέγουσι.
1078 332 1307 393 Κίλικες
1344 332 1401 389 δὲ
1439 331 1633 392 ἔκατόν
1672 334 1862 411 vra-pecs·-

265 448 435 501 χοντο
477 421 620 483 νέας·
673 417 826 480 οὗτοι
869 417 914 476 δ’
959 416 1028 478 αὖ
1072 419 1201 493 περὶ
1240 421 1343 493 μὲν
1387 422 1523 496 τῇσι
1572 425 1863 499 κεφαλῇσι

173 511 245 568 91
273 509 472 585 κράνεα
519 505 802 584 ἐπιχώρια,
847 506 1086 581 λαισήϊά
1136 530 1199 565 τε
1250 505 1403 584 εἶχον
1453 505 1567 565 ἐντ’
1611 506 1863 569 ἀσπίδων

267 595 557 671 ὠμοβοέης
598 594 960 669 πεποιημένα,
1004 593 1096 651 καὶ
1142 594 1373 657 κιθῶνας
1418 594 1674 669 εἰρινέους
1720 596 1861 655 ἐνδε-

267 682 506 743 δυκότες·
547 679 644 739 δύο
686 679 744 739 δὲ
787 680 1014 740 ἀκόντια
1062 681 1295 743 ἕκαστος
1342 682 1433 739 καὶ
1480 680 1667 757 ξίφος,
1691 682 1861 761 εἶχον,

265 768 559 849 ἀγχοτάτω
593 772 729 847 τῇσι
764 768 1109 849 Αἰγυπτίῃσι
1140 769 1456 846 μαχαίρῃσι
1496 771 1860 844 πεποιημένα.

269 854 424 915 οὗτοι
462 859 565 934 μὲν
605 855 670 915 τὸ
711 856 954 915 παλαιὸν
977 854 1279 935 ’Ὑπαχαιοὶ
1320 857 1633 916 ἐκαλέοντο·
1676 858 1769 916 ἐπὶ
1801 858 1860 917 δὲ

266 945 502 1009 Κίλικος
535 947 636 1005 τοῦ
675 941 996 1024 Ἀγήνορος,
1029 942 1227 1020 ἀνδρὸς
1252 944 1519 1015 Φοίνικος,
1548 944 1718 1023 ἔσχον
1756 945 1859 1021 τήν

265 1032 594 1109 ἐπωνυμίην.
677 1030 996 1107 Πάμφυλοι
1049 1031 1110 1089 δὲ
1167 1030 1460 1106 τριήκοντα
1526 1032 1857 1110 παρείχοντο

264 1122 388 1183 νέας
410 1119 796 1196 Ἑλληνικοῖσι
822 1116 1054 1177 ὅπλοισι
1081 1119 1499 1194 ἐσκευασμένοι·
1528 1121 1583 1177 οἱ
1608 1118 1667 1177 δὲ
1695 1118 1855 1196 Πάμ-

264 1212 438 1281 φυλοι
481 1206 634 1267 οὗτοι
678 1206 788 1267 εἰσὶ
829 1208 938 1265 τῶν
983 1210 1041 1265 ἐκ
1083 1206 1285 1281 Τροίης
1326 1204 1857 1267 ἀποσκεδασθέντων

169 1297 246 1355 92
265 1294 381 1372 ἅμα
420 1295 758 1374 Ἀμφιλόχῳ
800 1293 892 1353 καὶ
937 1293 1253 1372 Κάλχαντι.
1334 1292 1531 1351 Λύκιοι
1574 1293 1632 1351 δὲ
1668 1296 1855 1371 παρεί-

261 1409 432 1461 χοντο
473 1385 598 1446 νέας
633 1380 992 1457 πεντήκοντα,
1033 1380 1419 1457 θωρηκοφόροι
1452 1405 1515 1439 τε
1552 1380 1729 1445 ἐόντες
1765 1384 1857 1441 καὶ

263 1470 683 1547 κνημιδοφόροι·
727 1469 880 1547 εἶχον
916 1469 976 1527 δὲ
1015 1468 1155 1539 τόξα
1198 1468 1466 1544 κρανέϊνα,
1506 1469 1599 1527 καὶ
1634 1468 1857 1533 ὁῖστοῦς

263 1558 601 1633 καλαμίνους
626 1556 896 1632 ἀπτέρους
924 1556 1016 1615 καὶ
1041 1554 1289 1615 ἀκόντια·
1331 1556 1421 1613 ἐπὶ
1447 1555 1523 1628 δὲ,
1553 1556 1709 1636 αἷγός
1740 1558 1856 1633 δέρ-

259 1669 412 1720 ματα
459 1644 586 1719 περὶ
630 1642 758 1705 τούς
805 1639 984 1717 ὤμους
1029 1643 1388 1720 αἰωρεύμενα·
1443 1643 1571 1720 περὶ
1616 1644 1675 1703 δὲ
1722 1648 1857 1723 τῇσι

263 1734 550 1809 κεφαλῇσι
581 1730 783 1793 πίλους
809 1734 1066 1806 πτεροῖσι
1095 1730 1727 1807 περιεστεφανωμένους·
1770 1738 1855 1813 ἐγ-

259 1818 495 1896 χειρίδια
523 1816 582 1875 δὲ
609 1818 700 1875 καὶ
729 1816 974 1893 δρέπανα
1009 1817 1177 1896 εἶχον.
1260 1818 1460 1878 Λύκιοι
1500 1818 1559 1878 δὲ
1582 1821 1855 1896 Τερμίλαι

263 1906 575 1974 ἐκαλέοντο,
606 1910 666 1963 ἐκ
695 1903 923 1980 Κρήτης
962 1904 1273 1986 γεγονότες·
1316 1907 1406 1966 ἐπὶ
1446 1906 1505 1965 δὲ
1531 1906 1717 1966 Λύκου
1755 1915 1855 1967 τοῦ

262 1992 584 2062 Πανδίονος,
613 1989 680 2051 οἶν
711 1992 809 2069 ρός
836 1989 1153 2067 Ἀθηναίου,
1181 1994 1351 2072 ἔσχον
1390 1993 1493 2069 τὴν
1526 1996 1853 2071 ἐπωνυμίην.

167 2084 241 2139 93
267 2080 501 2155 Δωριέες
539 2079 598 2139 δὲ
637 2082 691 2138 οἱ
729 2084 787 2137 ἐκ
823 2082 924 2154 τῆς
953 2078 1154 2156 Ἀσίης
1195 2080 1489 2157 τριήκοντα
1525 2083 1857 2160 παρείχοντο

261 2169 400 2237 νέας,
429 2167 647 2247 ἔχοντές
671 2192 732 2227 τε
757 2166 1066 2243 Ἑλληνικὰ
1104 2166 1257 2227 ὅπλα
1294 2169 1387 2228 καὶ
1420 2168 1709 2250 γεγονότες
1740 2168 1855 2229 «ivd

261 2254 716 2331 Πελοποννήσου.
805 2259 990 2333 Κᾶρες
1018 2254 1077 2315 δὲ
1106 2255 1857 2336 ἑβδομήκονταπαρείχοντο

258 2345 398 2417 νέας,
443 2344 515 2403 τοῖ
554 2345 658 2421 μὲν
701 2341 855 2403 ἄλλα
893 2342 1140 2420 κατάπερ
1178 2342 1459 2419 Ἕλληνες
1500 2344 1854 2420 ἐσταλμένοι·

260 2433 412 2512 εἶχον
440 2433 498 2491 δὲ
526 2433 619 2492 καὶ
644 2432 888 2511 δρέπανα
917 2432 1008 2491 καὶ
1040 2432 1353 2513 ἐγχειρίδια.
1441 2428 1595 2492 οὗτοι
1628 2430 1688 2490 δὲ
1723 2433 1854 2492 οἵτι-

259 2546 344 2582 νες
397 2520 669 2597 πρότερον
728 2520 1040 2588 ἐκαλέοντο,
1099 2524 1157 2578 ἐν
1207 2522 1361 2578 τοῖσι
1418 2518 1692 2595 πρώτοισι
1746 2525 1855 2579 τῶν

258 2607 442 2687 λόγων
487 2609 713 2685 εἴρηται.
786 2606 974 2670 Ἴωνες
1009 2606 1070 2665 δὲ
1107 2606 1301 2667 ἑκατόν
1336 2606 1462 2669 νέας
1502 2607 1853 2685 παρείχοντο,

164 2698 239 2753 94
263 2695 660 2770 ἐσκευασμένοι
716 2692 788 2757 ὥς
830 2693 1127 2769 Ἕλληνες.
1202 2692 1387 2757 Ἴωνες
1441 2694 1516 2763 δὲ,
1562 2693 1701 2755 ὅσον
1751 2697 1855 2771 μὲν

256 2780 459 2857 χρόνον
496 2785 552 2838 ἐν
580 2781 1000 2859 Πελοποννήσῳ
1038 2781 1217 2840 οἴκεον
1252 2782 1356 2855 τήν
1386 2776 1486 2837 νῦν
1514 2782 1854 2856 καλεομένην

255 2864 528 2943 Ἀχαιίην,
558 2867 649 2923 καὶ
684 2868 816 2942 πρὶν
851 2866 889 2942 ἢ
918 2865 1143 2926 Δάναόν
1179 2891 1241 2925 τε
1278 2868 1369 2925 καὶ
1406 2869 1624 2929 Ξοῦθον
1665 2866 1852 2927 ἀπικέ-

258 2952 395 3009 σθαι
437 2956 491 3013 ἐς
527 2951 985 3027 Πελοπόννησον,
1023 2952 1091 3015 ὥς
1116 2952 1396 3027 Ἕλληνες
1436 2954 1687 3033 λέγουσι,
1731 2958 1852 3011 ἐκα-

259 3036 454 3095 λέοντο
483 3039 781 3116 Πελασγοὶ
809 3040 1117 3117 Αἰγιαλέες·
1161 3039 1252 3095 ἐπὶ
1284 3039 1342 3095 δὲ
1371 3037 1561 3100 Ἴωνος
1585 3044 1685 3097 τοῦ
1711 3039 1849 3101 Ξού-

166 3121 240 3177 95
261 3121 361 3179 θου
392 3121 592 3183 Ἴωνες.
675 3128 968 3196 Νησιιῖπαι
1011 3124 1090 3197 δὲ,
1116 3124 1476 3181 ἑπτακαίδεκα
1517 3126 1852 3202 παρείχοντο

259 3207 396 3272 νέας,
426 3205 768 3281 ὠπλισμένοι
807 3208 876 3269 ὥς
900 3207 1197 3283 Ἕλληνες·
1240 3209 1333 3265 καὶ
1364 3212 1531 3268 τοῦτο
1561 3214 1849 3287 Πελασγι-
