2192 3409
296 126 517 192 20-23]
909 126 1317 177 ΤΕΡΨῙΧΟΡΗ.
1864 132 1896 177 9

297 206 496 267 αὐτῶν·
525 204 711 266 εἵπετο
728 204 842 287 γὰρ
862 205 930 281 δή
951 212 1064 284 σφι
1089 207 1184 266 καὶ
1208 205 1485 287 ὀχήματα,
1516 206 1608 266 καὶ
1635 206 1901 284 θεράπον-

295 319 386 357 τες
418 294 511 353 καὶ
545 293 584 369 ἤ
609 296 773 353 πᾶσα
803 294 998 370 πολλὴ
1028 294 1379 373 παρασκευή·
1420 293 1604 353 πάντα
1629 294 1697 369 δὴ
1722 299 1901 354 ταῦτα

287 408 416 463 ,apa
455 385 612 441 πᾶσι-
642 383 878 443 κείνοισι
918 382 1224 459 ἠφάνιστο.
1312 408 1455 460 μετα
1497 382 1572 452 δὲ,
1612 382 1793 461 χρόνῳ
1836 381 1899 442 ού

295 468 554 549 πολλῶ
520 496 774 548 υστερον,
803 472 1036 547 ζήτησις
1069 476 1180 531 τῶν
1207 470 1417 549 ἀνδρῶν
1443 470 1651 531 τούτων
1676 470 1919 551 μεγάλη’

299 562 360 617 ἔκ
376 563 488 619 τῶν
504 559 820 636 Περσέων’
794 560 1023 641 εγίνετο·
1052 585 1144 618 και
1132 560 1347 635 ’σφεας
1363 558 1730 634 Ἀλέξανδρος
1746 559 1899 618 κατέ-

295 648 450 723 λαβε
467 648 674 726 σοφίῃ,
701 646 966 727 χρήματά
988 673 1052 707 τε
1078 646 1206 711 δοῦς
1231 646 1425 706 πολλοὶ
1452 648 1543 706 καὶ
1568 646 1673 723 τήν
1700 650 1901 706 ἑωυτοῦ

297 732 596 810 ἀδελφεὴν,
635 760 711 813 τῃ
767 733 976 813 οὕνομα
1021 733 1092 812 ἦν
1146 734 1379 815 Γυγαίη·
1438 734 1564 797 δους
1618 734 1678 794 δὲ
1724 736 1901 793 ταῦτα

299 822 581 900 κατέλαβε
607 849 638 882 ο
624 814 1034 901 ’.Αλέξανδρος
1052 822 1343 901 Βουβάρῃ,
1366 820 1522 901 ἀνδρὶ
1544 822 1762 901 Πέρσῃ,
1789 824 1901 881 τῶν

297 906 596 987 διζημένων
629 936 760 975 τους
789 910 1179 988 ἀπολομένους
1208 913 1319 970 τῶν
1345 914 1693 990 στρατηγῶν.
1738 936 1771 969 ο
1795 909 1901 985 μέν

297 1020 394 1055 νυν
409 1000 520 1057 τῶν
539 998 809 1088 Περσέων
825 996 1035 1059 τούτων
1055 996 1293 1071 θάνατος
1313 996 1453 1058 οὕτω
1475 996 1902 1074 καταλαμφθεὶς

298 1083 557 1164 ἐσιγήθη.

369 1170 660 1249 Ἕλληνας
699 1172 760 1231 δὲ
801 1172 940 1233 εἶναι
984 1171 1214 1237 τούτους
1246 1198 1377 1236 τους
1416 1171 1531 1232 οἷπό
1579 1171 1898 1247 Περδίκκεω
1916 1174 1994 1232 22

295 1258 614 1339 γεγονότας,
657 1259 902 1339 κατάπερ
948 1259 1107 1321 αὐτοὶ
1152 1261 1405 1343 λέγουσι,
1448 1258 1613 1321 αύτός
1650 1282 1713 1318 τε
1754 1258 1895 1318 οὕτω

296 1346 553 1427 τυγχάνω
592 1346 961 1425 ἐπιστάμενος
1001 1348 1119 1428 (καὶ
1159 1346 1229 1424 δὴ
1271 1348 1363 1407 καὶ
1404 1352 1463 1408 ἔν
1501 1349 1655 1407 τοῖσι
1692 1344 1899 1407 ὄπισθε

301 1434 530 1515 λόγοισι
571 1435 821 1505 α’ποδέξω
851 1435 922 1497 ὦς
954 1439 1066 1494 εἶσι
1085 1434 1407 1517 Ἕλληνες),
1436 1434 1579 1510 πρός
1610 1434 1685 1509 δὲ,
1716 1434 1807 1493 καὶ
1845 1438 1899 1493 οἱ

297 1521 396 1580 τόν
437 1527 496 1582 ἐν
532 1521 824 1600 Ὀλυμπίῃ
863 1522 1141 1587 διέποντες
1179 1522 1369 1605 ἀγῶνα
1410 1521 1705 1598 Ἑλλήνων
1753 1521 1897 1581 οὕτω

301 1610 549 1687 ἔγνωσαν
574 1608 730 1669 εἶναι.
780 1608 1163 1689 ’Ἀλεξάνδρου
1183 1611 1294 1691 γὰρ
1322 1609 1603 1671 ἀεθλεύειν
1625 1612 1897 1687 ἑλομένου

301 1696 392 1753 καὶ
433 1696 779 1774 καταβάντος
818 1698 903 1758 ἐπ’
944 1698 1080 1759 mh&
1120 1704 1305 1769 τοῦτο,
1348 1702 1402 1758 οἱ
1440 1697 1897 1774 ἀντιθευσόμενοι

298 1782 584 1860 Ἑλλήνων
609 1785 855 1867 ἐξεῖργόν
887 1812 1000 1863 μιν,
1031 1786 1275 1863 φάμενοι
1306 1786 1371 1845 οὗ
1399 1784 1714 1863 βαρβάρων
1754 1784 1896 1865 ἀγω-

296 1872 526 1931 νιστέων
541 1872 678 1933 εἶναι
693 1872 794 1933 τόν
810 1872 1041 1985 &Yava'u
1030 1872 1187 1931 ἄλλα
1199 1872 1508 1949 Ἑλλήνων·
1527 1872 1898 1950 Ἀλέξανδρος

297 1957 357 2017 δε
386 1959 574 2036 ἐπειδη
607 1959 838 2035 ἀπέδεξε
879 1986 949 2023 ως
990 1960 1074 2037 εἴη
1114 1959 1383 2042 Ἀργεῖος,
1422 1960 1612 2038 ἐκρίθη
1650 1986 1715 2021 τε
1758 1960 1899 2019 εἶναι

285 2042 509 2123 Ἕλλην
554 2048 646 2106 καὶ
699 2046 1099 2128 αγωνιζόμενος
1141 2048 1373 2109 στάδιον
1412 2042 1781 2119 συνεξέπιπτε
1819 2050 1899 2127 τῷ

296 2158 512 2213 πρωτω.

305 2280 307 2282 ,
373 2226 561 2282 Ταῦτα
585 2222 690 2299 μέν
719 2248 818 2282 νυν
849 2221 992 2293 οὕτω
1023 2248 1094 2299 κη
1125 2224 1360 2305 ἐγένετο.
1444 2222 1799 2305 Μεγάβαζος
1836 2223 1895 2282 δὲ
1915 2226 1991 2282 23

295 2307 442 2388 ἄγων
480 2309 609 2371 τούς
649 2310 900 2385 Παίονας
932 2309 1161 2371 άπίκετο
1199 2312 1291 2369 ἐπὶ
1320 2312 1420 2372 τᾶν
1443 2310 1896 2385 Ἑλλήσποντον·

295 2398 546 2456 ἐνθεῦτεν
589 2396 650 2455 δὲ
701 2396 1115 2475 διαπεραιωθεὶς
1155 2398 1384 2458 ἀπίκετο
1426 2404 1481 2461 ἐς
1518 2397 1739 2475 Σάρδις.
1797 2397 1896 2457 ἅτε

293 2484 353 2541 δὲ
376 2485 686 2563 τειχέοντος
709 2484 818 2562 ἤδη
839 2486 1111 2547 Ἱστιαίου
1144 2490 1247 2547 τοῦ
1277 2486 1575 2562 Μιλησίου
1605 2485 1710 2561 τήν
1740 2487 1897 2562 παροί

293 2572 534 2647 Δαρείου
567 2572 989 2653 αἶτῆσαςέτυχε
1021 2574 1244 2652 δωρεὴν,
1270 2574 1485 2652 μισθόν
1512 2576 1771 2652 φυλακῆς
1794 2578 1899 2649 τῆς

291 2659 537 2737 σχεδίης,
566 2660 754 2725 ε’όντος
779 2662 839 2721 δὲ
861 2666 962 2721 τοῦ
987 2662 1175 2741 χώρου
1197 2662 1399 2723 τούτου
1424 2662 1579 2741 παρὰ
1599 2663 1897 2740 Στρυμόνα

289 2747 563 2824 ποταμόν,
590 2747 692 2829 [τῷ
725 2747 934 2825 οὔνομά
967 2753 1092 2808 ἐστι
1122 2748 1450 2832 Μύρκινος]
1488 2750 1682 2828 μαθῶν
1716 2750 1749 2810 ὁ
1776 2757 1895 2808 Με-

289 2834 543 2915 γάβαζος
581 2835 648 2895 τὰ
697 2836 1025 2912 ποιεύμενον
1067 2840 1129 2895 ἐκ
1173 2840 1277 2897 τοῦ
1313 2836 1600 2911 Ἱστιαίου,
1643 2838 1715 2900 ὦς
1752 2837 1897 2912 ἦλθε

287 2921 535 3002 τάχιστα
575 2928 631 2986 ἐς
669 2924 771 2986 τοὶς
810 2923 1012 3001 Σάρδις
1050 2923 1201 3004 ἄγων
1244 2925 1376 2988 τοὺς
1419 2927 1684 2993 Παίονας,
1735 2924 1895 3003 ἔλεγε

291 3010 510 3089 Δαρείῳ
532 3009 686 3069 τάδε·
727 3009 816 3069 “‹a'›
838 3011 1110 3086 βασιλεῦ,
1139 3011 1293 3071 κοῖόν
1318 3036 1375 3071 τι
1398 3016 1593 3089 χρῆμα
1622 3009 1898 3083 ἐποίησας

290 3095 449 3172 ἀνδρὶ
462 3095 708 3174 Ἕλληνι
740 3098 898 3176 δεινῷ
925 3123 988 3157 τε
1022 3098 1115 3155 καὶ
1150 3100 1320 3175 σοφῷ
1345 3096 1473 3159 δούς
1508 3094 1896 3179 ἔγκτήσασθαι

289 3184 461 3244 πόλιν
514 3189 573 3245 ἐν
617 3186 861 3265 Θρηΐκῃς
919 3184 1010 3244 ἵνα
1050 3184 1143 3259 ἴδη
1184 3208 1249 3242 τε
1289 3180 1718 3263 ναυπηγήσιμός
1771 3189 1897 3241 ἐστι

289 3270 542 3348 ἔφθονος
578 3273 670 3332 καὶ
700 3272 914 3334 πολλοὶ
947 3270 1168 3337 κωπέες,
1208 3271 1300 3327 καὶ
1333 3271 1591 3347 μέταλλα
1628 3266 1893 3345 α’ργύρεα·

2072 3288 2161 3371 ί
