2192 3409
309 146 526 211 75—78]
992 147 1217 195 ΕΡΑΤΩ.
1842 146 1903 191 89

391 226 700 303 Κλεομένεΐ
739 226 848 307 γὰρ
887 228 1271 305 μαντευομένῳ
1315 229 1373 284 ἐν
1421 226 1719 307 Δελφοῖσι.
1746 222 1904 299 ἐχρή-
1924 224 1998 281 76

306 314 424 387 σθη
441 312 654 394 Ἀργος
688 312 960 391 αἱρήσειν.
1043 313 1168 373 ἐπεί
1196 340 1258 373 τε
1292 312 1351 371 δὲ
1379 308 1731 387 Σπαρτιήτας
1757 308 1904 390 ἄγων

307 399 538 460 ἀπίκετο
565 402 658 459 ἐπὶ
693 400 948 478 ποταμὸν
970 400 1285 479 Ἐρασῖνον,
1318 398 1377 463 ὃς
1408 400 1632 479 λέγεται
1664 398 1807 475 ῥέειν
1844 402 1903 455 ἐκ

305 492 408 565 τῆς
425 490 793 565 Στυμφηλίης
809 489 1029 564 λίμνης·
1060 488 1185 567 (τὴν
1198 488 1307 568 γάρ
1324 487 1391 563 δὴ
1410 488 1614 563 λίμνην
1629 485 1835 562 ταύτην
1850 490 1903 547 ἐς

305 576 509 654 χάσμα
541 575 752 651 ἀφανὲς
797 576 1124 637 ἐκδιδοῦσαν
1152 574 1563 652 ἀναφαίνεσθαι
1599 578 1657 633 ἐν
1687 572 1903 656 ”Αργε”ι”,

305 663 374 723 τό
429 665 678 725 ἐνθεῦτεν
725 663 786 723 δὲ
836 664 902 723 τό
943 664 1086 740 ὕδωρ
1133 662 1241 741 ἤδη
1284 666 1451 724 τοῦτο
1502 661 1595 723 ὑπ’
1640 662 1903 744 Ἀργείων

303 750 606 828 Ἐρασῖνον
626 752 972 830 καλέεσθαι·)
999 750 1334 829 ἀπικόμενος
1360 750 1407 810 δ’
1432 749 1507 811 ὧν
1527 749 1561 811 ὅ
1581 752 1906 828 Κλεομένης

307 834 401 891 ἐπὶ
439 832 538 893 τᾶν
577 832 834 909 ποταμὸν
864 836 1064 893 τοῦτον
1098 833 1472 913 ἐσφαγιάζετο
1505 829 1667 910 αὐτῷ,
1708 833 1800 891 καὶ
1842 830 1906 890 οὗ

242 964 252 971 -
304 918 417 1000 γάρ
444 920 696 997 οὐδαμῶς
719 921 1036 997 ἐκαλλιέρεε
1061 920 1370 1001 διαβαίνειν
1394 946 1507 997 μιν,
1534 917 1784 1000 ἄγασθαι
1801 922 1905 995 μὲν

307 1009 418 1083 ἔφη
458 1012 560 1068 τοῦ
597 1006 899 1085 Ἐρασίνου
939 1006 1005 1067 οὗ
1045 1007 1403 1086 προδιδόντος
1441 1006 1569 1070 τούς
1614 1005 1903 1082 πολιήτας,

305 1088 591 1177 Ἀργείους
629 1097 822 1174 μέντοι
861 1094 974 1157 οὐδ’
1009 1096 1080 1160 ὣς
1110 1095 1423 1176 χαιρήσειν·
1464 1094 1607 1172 μετὰ
1638 1094 1697 1153 δὲ
1730 1098 1905 1154 ταῦτα

307 1184 750 1262 ἐξαναχωρήσας,
790 1183 896 1260 τὴν
935 1185 1207 1261 στρατιὴν
1250 1183 1527 1263 κατήγαγε
1572 1188 1626 1245 ἐς
1663 1182 1902 1258 Θυρέην·

307 1272 777 1352 σφαγιασάμενος
828 1272 888 1331 δὲ
939 1276 1010 1351 τῇ
1065 1272 1340 1349 θαλάσσῃ
1382 1275 1601 1347 ταῦρον,
1644 1270 1905 1329 πλοίοισί

305 1366 494 1433 σφεας
520 1358 700 1441 ἤγαγε
743 1362 797 1423 ἔς
825 1385 888 1419 τε
927 1360 1032 1435 τὴν
1072 1360 1365 1436 Τιρυνθίην
1402 1357 1589 1437 χώρην
1621 1358 1713 1417 καὶ
1752 1364 1902 1418 Ναυ-

305 1448 501 1523 πλίην.
593 1446 839 1528 Ἀργεῖοι
881 1446 928 1507 δ’
956 1447 1231 1524 ἐβοήθεον
1272 1446 1675 1523 πυνθανόμενοι
1728 1452 1901 1507 ταῦτα
1923 1451 1997 1507 77

307 1536 399 1593 ἐπὶ
425 1535 748 1596 θάλασσαν·
806 1535 878 1598 ὦς
903 1536 962 1595 δὲ
987 1534 1169 1617 ἀγχοῦ
1192 1538 1295 1611 μὲν
1322 1536 1567 1615 ἐγίνοντο
1592 1539 1692 1611 τῆς
1716 1536 1901 1612 Τίρυν-

308 1623 406 1684 θος
443 1622 605 1703 χώρῳ
658 1624 718 1682 δὲ
764 1628 822 1683 ἐν
859 1622 1038 1702 τούτῳ
1075 1628 1153 1703 τῷ
1194 1624 1374 1683 κέεται
1415 1622 1631 1699 Σήπεια
1677 1622 1901 1700 οὕνομα,

306 1706 640 1790 μεταίχμιον
665 1711 730 1771 οὗ
755 1711 904 1791 μέγα
929 1710 1299 1775 ἀπολιπόντες
1326 1711 1507 1783 ἵζοντο
1542 1710 1719 1771 α’ντίοι
1752 1716 1905 1771 τοῖσι

307 1798 818 1876 Λακεδαιμονίοισι.
877 1799 1113 1858 ἐνθαῦτα
1140 1799 1210 1875 δή
1238 1803 1293 1858 οἱ
1316 1799 1561 1879 Ἀργεῖοι
1588 1801 1689 1881 τήν
1714 1803 1817 1876 μὲν
1844 1805 1904 1859 ἐκ

299 1888 409 1949 ,τοῦ
444 1890 688 1965 φανεροῦ
723 1886 914 1964 μάχην
951 1886 1050 1945 οὐκ
1089 1888 1415 1963 ἐφοβέοντο,
1455 1886 1609 1947 άλλσῖ
1638 1887 1721 1964 μή
1758 1887 1904 1967 δόλῳ

307 1975 618 2049 αἱρεθέωσι·
661 1976 752 2033 καὶ
777 1974 889 2055 γοὶρ
915 1973 986 2049 δή
1010 1980 1125 2049 σφι
1162 1980 1217 2037 ἐς
1240 1978 1407 2035 τοῦτο
1433 1973 1499 2035 τὸ
1527 1979 1761 2056 πρῆγμα
1788 1976 1904 2055 εἶχε

305 2062 372 2119 τό
400 2062 745 2139 χρηστήριον
768 2062 835 2123 τὰ
864 2064 1113 2123 ἐπίκοινα
1139 2064 1345 2141 ἔχρησε
1376 2061 1416 2138 η’
1444 2064 1631 2139 Πυθίη
1654 2061 1911 2124 τούτοισί

305 2172 368 2205 τε
395 2150 486 2229 xa}
513 2148 874 2225 Μιλησίοισι,
901 2152 1071 2231 λέγον
1098 2148 1219 2209 ὦδε·
1581 2204 1585 2208 .

495 2260 631 2309 Ἀλλ’
666 2262 784 2309 ὅταν
815 2264 846 2321 ἦ
882 2264 1053 2321 θήλεια
1086 2264 1171 2311 τὸν
1204 2261 1383 2325 ἄρσενα
1416 2264 1655 2321 νικήσασα

504 2333 726 2393 ἐξελάσῃ,
765 2336 846 2381 καὶ
877 2336 1013 2383 κῦδος
1046 2334 1096 2383 ἐν
1130 2333 1419 2395 Ἀργείοισιν
1451 2335 1639 2395 εἴρηται,

503 2404 691 2452 πολλὰς
722 2403 950 2465 Ἀργείων
981 2406 1314 2466 ἀμφιδρυφέας
1345 2405 1458 2451 τότε
1492 2406 1645 2462 θήσει·

503 2474 566 2523 ὥς
603 2476 722 2523 ποτέ
755 2493 826 2525 τις
859 2478 978 2537 ἐρέει
1011 2478 1092 2524 καὶ
1127 2476 1461 2535 ἐπεσσομένων
1493 2473 1767 2536 ἀνθρώπων,

499 2546 644 2595 δεινὸς
675 2548 782 2607 ὄφις
815 2550 1077 2609 τριέλικτος
1112 2546 1337 2595 ἀπώλετο
1371 2548 1499 2609 δουρὶ
1532 2548 1802 2605 δαμασθείς.

304 2660 494 2717 Ταῦτα
519 2657 588 2734 δή
615 2657 797 2717 πάντα
823 2658 1173 2719 συνελθόντα
1196 2664 1351 2719 τοῖσι
1374 2658 1685 2741 Ἀργείοισι
1711 2659 1903 2737 φόβον

306 2747 558 2824 παρεῖχε·
642 2746 734 2805 καὶ
772 2744 843 2821 δή
879 2751 993 2821 σφι
1023 2746 1166 2823 πρός
1196 2750 1373 2807 ταῦτα
1405 2746 1556 2817 ἔδοξε
1594 2751 1671 2827 τῷ
1710 2747 1906 2825 κήρυκι

302 2835 412 2890 τῶν
443 2834 727 2909 πολεμίων
757 2834 1027 2912 χρᾶσθαι·
1078 2832 1247 2904 δόξαν
1280 2834 1343 2893 δέ
1375 2842 1503 2909 σφι,
1538 2839 1754 2895 ἐποίευν
1792 2861 1904 2895 τοι·
2004 2866 2010 2873 ·

303 2918 446 2977 όνδε·
507 2918 648 2983 ὅκως
699 2918 731 2980 ὁ
787 2920 1141 2998 Σπαρτιήτης
1194 2921 1379 2997 κήμυξ
1419 2924 1797 2999 προσημαίνοι
1848 2948 1905 2981 τι

303 3006 810 3084 Λακεδαιμονίοισι,
834 3009 1050 3067 ἐποίευν
1071 3009 1163 3067 καὶ
1184 3011 1237 3069 οἶ
1257 3007 1502 3089 Ἀργεῖοι
1520 3008 1697 3073 τῶυτό,
1718 3013 1902 3069 τοῦτο.

305 3094 520 3155 Μαθῶν
559 3094 622 3154 δὲ
662 3094 694 3155 ὁ
739 3094 1064 3172 Κλεομένης
1112 3098 1403 3159 ποιεῦντας
1447 3094 1575 3158 τούς
1620 3095 1905 3177 Ἀργείους
1923 3094 2001 3156 78

304 3180 492 3243 ὁκοῖόν
524 3208 582 3242 τι
613 3181 645 3241 ὁ
679 3182 954 3259 σφέτερος
991 3180 1166 3258 κήρυξ
1194 3181 1477 3261 σημῄνειε,
1518 3183 1903 3264 παραγγέλλει

303 3276 418 3344 σφι
458 3268 594 3330 ὅταν
634 3268 862 3347 σημήνῃ
902 3268 934 3327 ὁ
977 3268 1151 3344 κήρυξ
1183 3270 1475 3330 ποιέεσθαι
1500 3267 1749 3348 ἄριστον,
1776 3271 1904 3331 τότε
