2192 3409
312 108 408 156 224
912 101 1276 151 ’ΠΡΟΔΟΤΟΤ
1728 98 1919 165 [VIII.

321 182 723 259 ἀπονοστήσει·
766 181 909 241 οὕτω
950 178 1192 237 ἀσθενέα
1231 183 1344 252 σφι
1385 179 1643 255 ἐφαίνετο
1677 178 1817 239 εἶναι
1850 182 1924 243 τὰ

317 274 429 331 τῶν
459 269 749 345 Ἑλλήνων
784 269 1109 350 πρήγματα·
1149 267 1346 327 ὅσοισι
1379 266 1438 325 δὲ
1475 266 1567 325 καὶ
1597 264 1926 343 ἡδομένοισι

316 356 388 433 ἦν
439 357 505 419 τό
558 356 865 439 γινόμενον,
920 354 1173 432 ἅμιλλαν
1231 357 1514 413 ἐποιεῦντο
1567 352 1706 416 ὅκως
1758 354 1924 421 αὐτὸς

320 446 553 507 ἕκαστος
592 448 810 520 πρῶτος
839 443 937 503 νέα
974 441 1238 515 Ἀττικὴν
1267 439 1409 501 ἐλῶν
1447 440 1604 518 παρσῖ
1644 443 1922 517 βασιλέος

318 531 466 607 δῶρα
506 529 810 607 λάμψεται·
877 528 1187 604 Ἀθηναίων
1223 527 1334 609 γὰρ
1377 527 1602 588 αὐτοῖσι
1639 529 1812 609 λόγος
1851 530 1922 607 ἦν

226 620 254 676 1
267 620 295 675 l
318 621 589 679 πλεῖστος
614 614 722 676 ανοί
746 640 817 675 τα
844 615 1216 691 στρατόπεδα.
1299 617 1465 675 Τοῖσι
1492 614 1592 673 δὲ
1593 621 1822 692 Ελλησι
1849 619 1922 683 ὥς

318 703 580 781 ἐσήμῃνε,
616 707 813 780 πρῶτα
847 705 965 779 μὲν,
1006 701 1340 779 ἀντίπρωροι
1375 706 1530 762 τοῖσι
1560 701 1920 780 βαρβάροισι

314 790 602 871 γενόμενοι
656 796 713 853 ἐς
760 789 829 850 τὸ
880 790 1060 867 μέσον
1112 816 1214 853 τας
1269 788 1522 866 πρύμνας
1575 789 1918 871 συνήγαγον·

316 878 540 956 δεύτερα
567 878 627 937 δὲ
662 876 1030 957 σημήναντος,
1058 878 1224 959 ἔργου
1265 877 1498 956 εἴχοντο,
1529 882 1587 937 ἐν
1613 876 1785 958 ὀλίγῳ
1810 906 1916 956 περ

314 964 782 1043 ἀπολαμφθέντες
800 965 895 1023 καὶ
912 965 1051 1024 κατὰ
1078 964 1288 1041 στόμα.
1357 965 1596 1025 ἐνθαῦτα
1621 965 1917 1042 τριήκοντα

314 1055 441 1116 νέας
480 1056 729 1131 αἱρέουσι
781 1058 891 1113 τῶν
929 1052 1241 1129 βαρβάρων
1285 1052 1377 1111 καὶ
1416 1052 1517 1113 τὸν
1558 1052 1775 1133 Γόργου
1813 1058 1915 1115 τοῦ

315 1142 671 1218 Σαλαμινίων
702 1141 981 1217 βασιλέος
1018 1138 1316 1215 ἆδελφεόν,
1347 1139 1599 1201 Φιλάονα
1632 1140 1733 1201 τᾶν
1771 1144 1914 1219 Χέρ-

316 1253 456 1299 σιος,
524 1229 761 1309 λόγιμον
828 1226 989 1288 ἐόντα
1056 1231 1117 1287 ἐν
1181 1232 1258 1306 τῷ
1309 1228 1669 1308 στρατοπέδῳ
1721 1227 1908 1305 ἄνδρα.

312 1320 531 1391 πρῶτος
571 1317 633 1375 δὲ
676 1314 962 1390 Ἑλλήνων
1004 1314 1102 1375 νέα
1140 1317 1252 1375 τῶν
1287 1316 1570 1391 πολεμίων
1615 1314 1730 1375 εἷλε
1769 1316 1912 1395 ἀνὴρ

310 1401 605 1479 Ἀθηναῖος
654 1400 985 1477 Λυκομήδης
1030 1401 1332 1480 Αἶσχρέου,
1381 1402 1474 1461 καὶ
1513 1400 1578 1461 τό
1621 1402 1911 1480 ἀριστήῖον

314 1491 493 1565 ἔλαβε
518 1489 697 1553 οὗτος.
776 1488 907 1551 τούς
933 1488 979 1545 δ’
1008 1493 1066 1547 ἐν
1089 1492 1164 1566 τῇ
1183 1488 1462 1566 ναυμαχίῃ
1489 1487 1661 1567 ταύτῃ
1689 1492 1910 1567 ἑτεραλ-

314 1578 445 1639 κέως
480 1576 909 1656 ἀγωνιζομένους
944 1575 1045 1645 νῦξ
1084 1576 1406 1635 ἐπελθοῦσα
1433 1575 1674 1638 διέλυσε·
1717 1580 1770 1635 οἱ
1803 1581 1911 1653 μὲν

312 1662 381 1739 δή
412 1663 692 1739 Ἕλληνες
732 1664 823 1721 ἐπὶ
860 1662 927 1722 τό
977 1662 1337 1739 Ἀρτεμίσιον
1384 1660 1700 1733 ἀπέπλωον,
1755 1668 1810 1724 οἱ
1848 1666 1909 1726 δὲ

308 1750 652 1827 βάρβαροι’
627 1776 683 1813 ες
706 1776 808 1813 τας
830 1750 1073 1824 Ἀφέτας
1100 1750 1321 1809 πολλὸν
1347 1748 1500 1825 παραὶ
1529 1749 1750 1820 ὃόξαν’
1715 1777 1908 1831 αγωνι·

308 1836 564 1914 σάμενοι.
634 1842 691 1896 ἐν
709 1837 881 1914 ταύτῃ
898 1839 971 1914 τῇ
996 1836 1280 1914 ναυμαχίῃ
1297 1834 1622 1913 Ἀντίδωρος
1639 1838 1904 1914 Λήμνιος,

306 1927 511 2000 μοῦνος
534 1927 645 1984 τῶν
664 1949 770 1983 συν
783 1924 1024 1998 βασιλέϊ
1035 1922 1372 1998 Ἑλλήνων’
1347 1923 1560 1994 εόντων,
1577 1922 1906 2001 αὐτομολέει

308 2016 368 2073 ἐς
416 2036 544 2075 τους
571 2010 877 2086 Ἕλληνας·
947 2011 1039 2069 καὶ
1080 2014 1136 2069 οἶ
1175 2009 1462 2086 Ἀθηναῖοι
1502 2010 1593 2069 δια
1631 2016 1797 2072 τοῦτο
1837 2014 1903 2073 τὸ

309 2100 470 2179 ἔργον
496 2098 697 2158 ἔδοσαν
720 2097 867 2177 αὐτῷ
890 2102 1073 2177 χῶρον
1101 2102 1159 2159 ἐν
1187 2099 1488 2175 Σαλαμῖνι.

216 2187 290 2244 12
388 2186 486 2250 Ὡς
517 2186 579 2246 δὲ
614 2186 857 2263 εὐφρόνη
894 2186 1158 2267 ἐγεγόνεε,
1187 2184 1257 2260 ἦν
1279 2187 1384 2261 μὲν
1416 2188 1516 2259 τῆς
1550 2184 1690 2262 ὥρης
1724 2186 1904 2264 μέσον

306 2275 481 2351 θέρος,
523 2275 733 2355 ἐγίνετο
772 2273 833 2333 δὲ
872 2272 1012 2349 ὕδωρ
1051 2298 1115 2333 τε
1156 2270 1400 2331 α”πλετον
1441 2270 1533 2331 Sui
1571 2272 1763 2349 πάσης
1803 2279 1903 2349 τῆς

304 2363 497 2425 νυκτός
532 2361 624 2421 καὶ
658 2362 905 2436 σκληραὶ
928 2360 1167 2437 βρονταὶ
1200 2357 1312 2417 οἷπὸ
1348 2362 1451 2418 τοῦ
1477 2360 1719 2434 Πηλίου·
1762 2364 1817 2420 οἱ
1842 2362 1902 2421 δὲ

303 2449 486 2525 νεκροὶ
518 2449 611 2507 καὶ
641 2447 715 2506 τὰ
748 2446 980 2526 ναυήγια
1016 2445 1378 2522 ἐξεφορέοντο
1417 2449 1471 2508 ἐς
1507 2446 1606 2509 τὰς
1639 2446 1896 2522 Ἀφέτας,

305 2535 396 2593 καὶ
446 2535 580 2612 περί
624 2560 687 2594 τε
737 2534 837 2597 τὰς
888 2531 1110 2609 ,πρώρας
1162 2536 1273 2603 τῶν
1317 2538 1452 2593 νεῶν
1505 2536 1750 2595 εἱλέοντο
1805 2539 1900 2596 καὶ

302 2620 619 2697 ἐτάρασσον
647 2621 779 2684 τούς
808 2619 1053 2696 ταρσοὺς
1081 2623 1193 2681 τῶν
1216 2620 1459 2679 κωπέων.
1542 2624 1596 2681 οἱ
1632 2622 1692 2681 δὲ
1727 2649 1897 2701 στρα-

299 2711 491 2765 τιῶται
528 2710 585 2767 οἱ
621 2707 794 2786 ταύτῃ
846 2705 1140 2769 ἀκούοντες
1191 2710 1366 2767 ταῦτα
1407 2712 1462 2771 ἐς
1502 2707 1695 2784 φόβον
1749 2737 1894 2771 κατι-

300 2793 523 2861 στέατο,
560 2794 877 2864 ἐλπίζοντες
908 2791 1102 2873 πάγχυ
1137 2792 1499 2863 ἀπολέεσθαι,
1537 2798 1595 2857 ἐς
1628 2796 1720 2854 οἶα
1755 2800 1896 2859 κακοὶ

296 2876 454 2953 ἧκον·
492 2879 627 2956 πρὶν
659 2905 770 2960 γαρ
800 2878 839 2955 ἢ
880 2879 973 2938 καὶ
1008 2878 1359 2939 οἷναπνεῧσαί
1390 2882 1637 2954 σφεας”
1607 2906 1668 2939 εκ
1707 2908 1771 2942 τε
1795 2889 1896 2961 τῆς

299 2965 562 3045 ναυηγίης
614 2966 705 3023 καὶ
764 2970 866 3025 τοῦ
914 2969 1184 3042 χειμῶνος
1240 2968 1341 3023 τοῦ
1401 2967 1700 3045 γενομένου
1753 2996 1896 3031 κατα

298 3050 539 3124 Πήλιον,
591 3050 848 3125 υπέλαβε
900 3051 1179 3127 ναυμαχίη
1232 3050 1486 3125 καρτερή·
1570 3057 1632 3111 ἐκ
1685 3055 1746 3114 δὲ
1795 3064 1896 3132 τῆς

297 3135 619 3210 ναυμαχίης,
650 3132 867 3208 ὄμβρος
906 3159 967 3192 τε
1006 3134 1228 3209 λάβρος
1267 3135 1359 3191 καὶ
1397 3135 1706 3211 betham-<2⁹
1687 3146 1896 3221 ισχυρὰ

300 3222 355 3277 ἐς
394 3216 695 3275 θάλασσαν
736 3218 1045 3291 ὡρμημένα,
1072 3220 1316 3293 βρονταί
1350 3244 1411 3276 τε
1449 3225 1716 3317 σὲληραί.
1799 3231 1893 3288 καὶ
