2192 3409
264 129 292 177 ι
519 192 530 203 ο
867 126 1234 177 mmmmm·
1767 128 1861 196 [V.

259 207 364 285 μέν
394 232 492 271 νυν
513 210 616 284 τῆς
640 207 826 287 χώρης
848 208 1050 285 ταύτης
1073 208 1203 286 πέρι
1226 206 1473 289 λέγεται·
1512 208 1587 271 τοὶ
1610 213 1863 288 παραθα-

263 295 484 357 λάσσια
523 295 570 357 δ’
611 294 686 357 ὧν
725 295 894 373 αύτῆς
932 296 1277 378 Μεγάβαζος
1308 296 1577 374 Περσέων
1617 298 1863 376 κατήκοα

263 385 463 444 ἐποίεε.

169 473 198 530 l
211 473 240 531 1
344 476 584 550 Δαρεῖος
605 472 683 543 δὲ,
711 471 782 537 ὥς
807 471 1010 549 διαβάς
1034 472 1281 553 τάχιστα
1306 472 1405 533 τόν
1429 472 1863 550 Ἑλλήσποντον

263 559 493 621 άπίκετο
523 566 580 625 ἐς
616 561 832 639 Σάρδις,
867 561 1121 639 ἐμνήσθη
1155 566 1257 637 τῆς
1290 561 1351 631 ἐξ
1378 559 1650 633 Ἰστιαίου
1674 588 1737 623 τε
1762 568 1863 624 τοῦ

261 650 554 725 Μιλησίου
583 649 914 731 εὐεργεσίης,
941 650 1034 709 καὶ
1057 653 1159 725 τῆς
1176 649 1536 726 παραινέσιος
1560 654 1661 710 τοῦ
1687 656 1863 711 Μυτι-

262 737 495 812 ληναίου
514 737 704 797 Κώεω·
740 736 1244 817 μεταπεμψάμενος
1268 738 1332 796 δέ
1356 743 1541 813 σφεας
1568 742 1621 801 ἐς
1644 738 1861 817 Σάρδις,

262 824 440 884 ἐδίδου
487 824 710 885 αὐτοῖσι
753 826 990 902 αἵρεσιν.
1071 824 1105 885 ὁ
1146 827 1251 902 μὲν
1306 824 1373 900 δή
1428 823 1710 897 Ἱστιαῖος,
1766 826 1863 887 ἅτε

259 911 598 988 τυραννεύων
641 914 744 987 τῆς
785 911 1049 989 Μιλήτου
1090 913 1409 989 τυραννίδος
1456 915 1559 989 μὲν
1606 912 1862 993 οὐδεμιῆς

259 999 632 1078 προσέχρῃζε·
675 1000 846 1061 αἰτέει
877 999 938 1060 δὲ
969 998 1257 1077 Μύρκινον
1272 1000 1377 1076 τήν
1405 1000 1698 1073 Ἠδωνίδα,
1725 1005 1861 1079 βου-

261 1086 500 1170 λόμενος
525 1092 583 1147 ἐν
599 1085 739 1167 αύτῃ
766 1086 936 1147 πόλιν
961 1087 1169 1148 κτίσαι.
1252 1085 1413 1153 οὗτος
1436 1090 1541 1166 μὲν
1563 1088 1631 1166 δή
1656 1089 1863 1167 ταύτην

259 1174 518 1252 αἱρέεται·
559 1174 593 1236 ὁ
621 1168 680 1237 δὲ
713 1176 896 1253 Κώης,
933 1173 1024 1236 οἶά
1048 1200 1110 1235 τε
1136 1174 1203 1237 οὗ
1226 1176 1496 1254 τύραννος
1526 1177 1770 1255 δημότης
1802 1204 1864 1240 τε

261 1262 380 1334 εἰόν,
429 1266 597 1325 αἰτέει
649 1264 976 1342 Μυτιλήνης
1021 1268 1405 1343 τυραννεῦσαι.
1486 1268 1863 1329 τελεωθέντων

259 1350 320 1409 δὲ
365 1350 756 1429 ἀμφοτέροισι,
801 1350 956 1415 οὗτοι
995 1354 1099 1430 μὲν
1142 1352 1285 1413 κατ’-ά
1322 1352 1395 1411 τοῖ
1444 1350 1663 1411 εἴλοντο
1710 1356 1863 1431 ἐτρά-

260 1464 454 1497 ποντο.
1413 1437 1418 1455 “

166 1528 242 1585 12
343 1528 582 1603 Δαρεῖον
629 1526 689 1585 δὲ
734 1524 1040 1602 συνήνεικε,
1081 1532 1317 1609 πρῆγμα
1354 1526 1571 1589 τοιόνδε
1612 1528 1865 1607 ἰδόμενον

259 1616 606 1690 ἐπιθυμῆσαι
633 1614 988 1681 ἐντείλασθαι
1014 1615 1355 1696 Μεγαβάζῳ,
1389 1617 1639 1681 Παίονας
1666 1618 1865 1679 ἑλόντα

264 1700 664 1769 ἀνασπάστους
682 1705 918 1777 ποιῆσαι
945 1706 1005 1763 ἐκ
1031 1706 1134 1779 τῆς
1152 1701 1421 1779 Εὐρώπης
1446 1708 1502 1769 ἐς
1519 1704 1623 1780 τὴν
1643 1704 1862 1781 Ἀσίην.

263 1788 334 1865 ἦν
376 1790 594 1869 Πίγρης
637 1790 729 1849 καὶ
767 1789 1048 1867 Μαντύης,
1088 1788 1281 1868 ἅνδρες
1320 1791 1577 1857 Παίονες·
1632 1794 1702 1863 οἳ,
1746 1794 1869 1853 ε’πεί

259 1903 322 1937 τε
377 1881 616 1955 Δαρεῖος
657 1878 826 1956 ,διέβη
865 1883 924 1942 ἐς
959 1879 1064 1955 τήν
1102 1878 1323 1955 Ἀσίην,
1366 1879 1525 1941 αὐτοὶ
1578 1882 1865 1945 ἐθέλοντες

261 1964 521 2026 Παιόνων
567 1965 908 2043 τυραννεύειν
961 1966 1315 2027 ἀπικνέονται
1368 1971 1424 2030 ἐς
1476 1968 1691 2044 Σάρδις,
1747 1967 1865 2045 ἅμα

262 2052 530 2133 ἀγόμενοι
569 2051 852 2130 ἀδελφεήν
891 2053 1147 2135 μεγάλην
1185 2080 1249 2115 τε
1283 2055 1377 2117 καὶ
1412 2054 1639 2115 εὐειδέα·
1682 2055 1864 2133 φυλά-

259 2141 452 2209 ξαντες
477 2140 540 2208 δὲ
566 2146 804 2219 Δαρεῖον
839 2142 1313 2221 προκατιζόμενον
1340 2140 1395 2205 ἔς
1418 2140 1485 2201 τό
1523 2142 1864 2220 προάστειον

258 2228 326 2291 τό
366 2234 478 2291 τῶν
517 2230 728 2301 Λυδῶν,
763 2230 1036 2307 ε’ποίησαν
1074 2229 1307 2291 τοιόνδε·
1348 2229 1725 2295 σκευάσαντες
1759 2234 1864 2308 τήν

263 2315 546 2396 ἀδελφεήν
584 2317 656 2383 ὥς
694 2318 846 2398 εἶχον
871 2317 1092 2397 ἄριστα,
1122 2317 1207 2379 ἐπ’
1234 2318 1377 2395 ὕδωρ
1415 2320 1663 2397 ἔπεμπον
1688 2318 1863 2402 ἄγγος

261 2408 354 2466 ἐπὶ
379 2412 450 2487 τῇ
477 2411 702 2487 κεφαλῇ
739 2408 982 2487 ἔχουσαν
1019 2408 1116 2469 καὶ,
1138 2412 1200 2466 ἐκ
1224 2411 1327 2479 τοῦ
1352 2408 1664 2487 βραχίονος
1690 2408 1865 2494 ἵππον

259 2496 610 2555 ἐπέλκουσαν
647 2495 740 2555 καὶ
777 2495 1111 2555 κλώθουσαν
1137 2497 1316 2555 λῖνον·
1354 2494 1429 2559 ,ὥς
1456 2494 1517 2555 δὲ
1536 2495 1801 2574 παρεξήῖε
1826 2492 1864 2573 ἧ

259 2581 414 2661 γυνὴ,
445 2585 703 2658 ἐπιμελὲς
721 2586 798 2661 τῷ
820 2584 1038 2661 Δαρείῳ
1059 2583 1296 2663 ἐγένετο·
1326 2580 1453 2643 οὔτε
1474 2583 1584 2664 γάρ
1608 2588 1865 2662 Περσικοὶ

259 2668 328 2743 ἦν
369 2668 495 2728 οὔτε
534 2667 714 2729 Λύδια
751 2668 823 2729 w)
861 2670 1161 2747 ποιεύμενα
1192 2675 1253 2729 ἐκ
1286 2673 1386 2745 τῆς
1422 2670 1697 2751 γυναικὸς,
1736 2670 1863 2731 οὔτε

261 2754 403 2833 πρός
438 2760 547 2818 τῶν
573 2761 634 2815 ἐκ
659 2760 761 2833 τῆς
782 2755 982 2833 Ἀσίης
1019 2756 1294 2834 ούδαμῶν·
1336 2760 1600 2835 ἐπιμελὲς
1626 2758 1685 2817 δὲ
1711 2758 1783 2822 ὥς
1810 2763 1863 2818 οἱ

259 2844 495 2923 ἐγένετο,
501 2846 612 2905 τῶν
629 2844 952 2923 δορυφόρων
965 2844 1121 2910 τινας
1134 2846 1343 2923 πέμπει
1358 2844 1598 2905 κελεύων
1614 2846 1863 2922 φυλάξαι

261 2931 306 2990 ὅ
338 2958 394 2993 τι
422 2931 700 3011 χρήσεται
729 2936 807 3010 τῷ
839 2932 988 3009 ἵππῳ
1024 2930 1062 3007 ἦ
1095 2930 1256 3012 γυνή·
1298 2935 1353 2992 οἶ
1384 2936 1487 3009 μὲν
1522 2932 1589 3009 δὴ
1626 2931 1865 2995 ὄπισθεν

261 3019 502 3091 εἵποντο,
526 3019 565 3096 ἤ
595 3019 657 3080 δὲ
683 3018 808 3078 ε’πεί
825 3043 888 3078 τε
915 3017 1145 3078 ἀπίκετο
1183 3018 1275 3077 ε’πὶ
1300 3018 1399 3080 τᾶν
1424 3020 1699 3097 ποταμόν,
1719 3021 1864 3099 ἦρσε

260 3104 360 3164 τόν
414 3106 604 3166 ἵππον·
665 3105 898 3183 ἄρσασα
949 3104 1008 3163 δὲ
1061 3104 1155 3164 καὶ
1199 3103 1265 3164 τὰ
1308 3105 1484 3187 ἄγγος
1522 3111 1623 3167 τοῦ
1666 3108 1865 3173 ὕδατος

263 3193 688 3271 ἐμπλησαμένη,
716 3192 820 3267 τήν
854 3190 1028 3267 αὐτὴν
1063 3190 1196 3251 ὄδὸν
1222 3193 1487 3268 παρεξήῐε
1513 3196 1772 3271 φέρουσα
1798 3198 1863 3255 τὸ

261 3278 402 3354 ὕδωρ
445 3282 537 3338 ἐπὶ
576 3284 676 3354 τῆς
717 3282 970 3351 κεφαλῆς
1003 3278 1094 3335 καὶ
1133 3278 1451 3336 ἐπέλκουσα
1488 3284 1547 3336 ἐκ
1584 3285 1685 3340 τοῦ
1719 3284 1841 3359 βρα
