2192 3409
303 106 398 155 138
865 101 1235 151 ‘nPo-xoror
1751 100 1902 164 [vn.

310 184 615 261 κατύπερθε
639 185 750 243 τῶν
775 181 966 243 ὅπλων
1005 186 1109 242 τοῦ
1142 180 1327 242 τόνου·
1369 181 1553 245 θέντες
1589 184 1651 241 δὲ
1690 184 1903 258 ἐπεξῆς,

311 274 546 332 ἐνθαῦτα
592 269 746 335 αὖτις
791 270 1174 351 ἐπεζεύγνυον·
1226 267 1567 346 ποιήσαντες
1610 269 1671 328 δὲ
1714 273 1906 341 ταῦτα,

306 359 450 437 ὕλην
493 359 874 437 ἐπεφόρησαν·
921 360 1115 438 κόσμῳ
1156 359 1215 418 δὲ
1252 358 1436 419 θέντες
1474 358 1565 415 καὶ
1602 357 1707 433 τὴν
1746 355 1905 433 ὕλην,

307 453 418 529 γῆν
468 447 854 524 ἐπεφόρησαν·
915 446 1315 515 κατανάξαντες
1366 445 1426 503 δὲ
1481 446 1572 503 καὶ
1624 444 1729 520 τήν
1778 449 1905 524 γῆν,

309 536 572 643 φραγμὸν
604 535 946 610 παρείρυσαν
971 534 1123 592 ἔνθεν
1150 533 1243 591 καὶ
1268 532 1492 600 ἓνθεν,”
1468 557 1554 590 ινα
1554 531 1659 635 apa}
1688 530 1904 607 φοβέη-

309 647 400 681 ται
437 622 508 680 τὰ
547 620 820 701 υποζῦγια
847 620 952 696 τὴν
988 619 1295 680 θάλασσαν
1328 620 1683 695 ὑπερορῶντα
1718 619 1811 678 καὶ
1850 620 1905 679 οἱ

311 710 490 768 ἵπποι.

61 774 147 866 Χ
214 799 289 855 37
388 796 485 860 Ὡς
524 796 584 856 δὲ
620 795 694 856 τά
730 822 792 856 τε
826 800 936 857 τῶν
959 796 1247 877 γεφυρέων
1274 818 1689 855 κατεσκευαστο
1716 795 1810 853 καὶ
1833 820 1907 854 τα

136 875 196 908 '⁸
306 886 434 963 περὶ
467 884 565 946 τὸν
589 885 794 955 ’,Αθων
830 885 890 943 οἵ
917 910 979 944 τε
1022 884 1186 963 χυτοὶ
1226 884 1355 960 περὶ
1395 907 1465 942 τα
1504 882 1763 958 στόματα
1800 886 1906 959 τῆς

309 972 589 1052 διώρυχος,
620 973 700 1053 (οἳ
723 976 824 1049 τῆς
847 973 1045 1051 ῥηχίης
1071 971 1274 1031 εἵνεκεν
1311 970 1726 1047 ἐποιήθησαν
1700 996 1787 1030 ινα
1820 997 1904 1047 μη
1946 1046 1957 1057 ⁴

306 1062 627 1138 πίμπληται
650 1086 722 1120 τα
749 1060 1007 1137 στόματα
1031 1064 1132 1119 τοῦ
1172 1058 1529 1140 ορυγματοῆ)
1556 1059 1649 1117 καὶ
1678 1057 1822 1134 αὕτη
1862 1085 1902 1135 η

307 1149 507 1228 διωρυξ
529 1149 840 1212 παντελέως
863 1149 1211 1224 πεποιημένη
1236 1145 1501 1228 ἅγγελτο·
1528 1146 1764 1253 ἐνθαῦτα
1788 1173 1902 1226 χει-

305 1263 558 1314 μερισας,
597 1237 716 1314 ἅμα
751 1241 830 1316 τῷ
867 1238 986 1313 ἔαρι
1023 1233 1553 1314 παρεσκευασμένος
1592 1260 1625 1293 ο
1664 1234 1905 1311 στρατὸς

307 1330 370 1385 ἐκ
403 1352 514 1387 των
555 1326 802 1401 Σαρδίων
839 1325 1064 1403 ωρμᾶτο
1104 1328 1246 1383 ἐλων
1283 1328 1340 1385 ἐς
1367 1321 1639 1398 Ἄβυδον.
1724 1348 1904 1399 ωρμη-

307 1414 454 1493 μένῳ
497 1413 559 1473 δέ
600 1416 654 1472 οἶ
695 1412 728 1473 ὅ
769 1411 931 1489 ἥλιος
978 1411 1221 1471 ἐκλιπων
1267 1436 1371 1485 την
1418 1414 1478 1468 ἐκ
1522 1413 1623 1469 τοῦ
1668 1408 1904 1488 οὐρανοῦ

307 1500 470 1576 εδρην
509 1500 730 1576 οἷφανης
771 1500 855 1576 ἦν,
893 1498 1005 1559 ουτ’
1049 1499 1393 1574 ἐπινεφέλων
1436 1497 1650 1569 ἐόντων,
1692 1498 1906 1573 αἰθρίης

265 1604 272 1611 ’
307 1612 369 1646 τε
404 1586 474 1645 τοὶ
509 1586 781 1663 μάλιστα·
825 1585 949 1647 ἀντὶ
987 1586 1198 1664 ημέρης
1223 1612 1285 1646 τε
1316 1584 1417 1654 νυξ
1456 1584 1692 1665 ἐγένετο·
1736 1584 1905 1645 ἰδόντι

307 1673 368 1733 δὲ
409 1675 501 1732 καὶ
541 1674 777 1749 μαθόντι
817 1677 986 1735 τοῦτο
1026 1678 1105 1752 τῷ
1142 1674 1323 1752 Ξέρξῃ
1368 1675 1626 1748 ἐπιμελὲς
1668 1673 1903 1753 ἐγένετο·

309 1761 402 1820 καὶ
456 1762 628 1837 εἴρετο
680 1788 808 1826 τους
858 1762 1072 1843 μάγους
1123 1788 1189 1822 το
1246 1762 1405 1821 θέλοι
1455 1761 1787 1836 προφαίνειν
1837 1787 1904 1821 το

311 1848 552 1926 φάσμα;
596 1851 649 1907 οἶ
691 1848 750 1907 δὲ
791 1852 1058 1929 ἔφραζον
1073 1849 1147 1912 ὥς
1181 1849 1438 1925 Ἕλλησι
1484 1847 1827 1923 προδεικνύει
1870 1876 1903 1909 ο

309 1937 434 1999 θεὸς
487 1937 734 2014 ἔκλειψιν
783 1942 894 1997 τῶν
945 1938 1185 1997 πολίων·
1240 1938 1501 2017 λέγοντες
1548 1935 1714 2011 ἥλων
1765 1936 1904 1995 εἶναι

309 2022 598 2098 Ἑλλήνων
636 2024 996 2101 προδέκτορα,
1023 2024 1271 2100 σελήνην
1310 2025 1371 2083 δὲ
1412 2024 1623 2099 σφέων·
1664 2024 1903 2102 πυθόμε-

309 2136 402 2174 νος
440 2112 500 2171 δὲ
538 2115 714 2171 ταῦτα
755 2110 787 2171 ὄ
814 2112 1024 2189 Ξέρξης
1047 2137 1355 2191 περιχαρης
1382 2110 1484 2173 ἐῶν
1514 2112 1761 2171 ἐποιέετο
1802 2136 1905 2187 την

217 2200 292 2258 38
315 2200 531 2259 ἔλασιν.
610 2198 709 2263 Ως
750 2197 797 2257 δ’
833 2198 1100 2275 ἐξήλαυνε
1141 2226 1245 2276 την
1284 2198 1572 2276 στρατιὴν,
1616 2198 1831 2262 Πυθιος
1872 2204 1905 2259 ὁ

307 2288 488 2351 Λυδὸς
541 2286 968 2365 καταρρωδήσας
1017 2313 1084 2347 το
1140 2293 1202 2347 ἐκ
1254 2290 1356 2348 τοῦ
1408 2284 1642 2364 ουρανοΰ
1699 2286 1906 2363 φάσμα

309 2377 566 2455 ἐπαρθείς
607 2402 670 2437 τε
712 2380 868 2436 τοῖσι
913 2374 1224 2453 δωρήμασι,
1272 2374 1449 2435 ἑλθων
1494 2400 1645 2451 παρα
1695 2375 1907 2452 Ξέρξεα

309 2466 466 2546 ἔλεγε
488 2464 641 2525 τάδε·
683 2474 718 2501 “
735 2463 778 2522 ω
804 2464 1070 2533 δέσποτα,
1096 2463 1321 2543 χρῄσας
1356 2460 1427 2522 ἅν
1463 2488 1519 2523 τι
1548 2466 1643 2523 τεῦ
1673 2463 1904 2538 βουλοί-

308 2578 422 2628 μην
445 2555 648 2631 τυχεῖν,
673 2551 742 2612 τὰ
769 2553 868 2612 σοὶ
891 2555 996 2630 μὲν
1021 2550 1277 2629 ἐλαφρόν
1301 2549 1564 2630 τυγχάνει
1588 2549 1682 2609 ἐὰν
1704 2575 1907 2627 υπουρ-

305 2644 500 2720 γῆσαι,
555 2641 680 2715 ἐμοὶ
733 2640 794 2699 δὲ
841 2641 990 2719 μέγα
1033 2636 1383 2718 γενόμενον·”
1436 2638 1647 2715 Ξέρξης
1693 2637 1753 2696 δε
1794 2642 1909 2697 πᾶν

308 2731 534 2801 μᾶλλον
575 2726 777 2786 δοκέων
817 2752 914 2804 μιν
955 2752 1213 2805 χρηισειν
1253 2724 1291 2801 ἢ
1331 2724 1398 2785 τὸ
1444 2724 1657 2800 ἐδεήθη,
1695 2725 1805 2801 ἔφη
1846 2750 1909 2783 τε

307 2810 683 2891 υπουργήσειν
725 2814 816 2871 καὶ
851 2812 1190 2893 διαγορεύειν
1224 2812 1441 2871 ἐκέλευε
1482 2811 1608 2871 ὅτευ
1632 2812 1833 2871 δέοιτο·
1876 2811 1909 2870 ὁ

311 2898 422 2955 δὲ’
397 2898 522 2956 επεί
541 2923 603 2957 τε
628 2902 806 2958 ταῦτα
835 2899 1060 2973 ἤκουσε,
1089 2900 1249 2978 ἔλεγε
1286 2898 1583 2973 θαρσήσας
1618 2898 1769 2957 τάδε·
1813 2898 1911 2956 “ὧ

311 2983 574 3052 δέσποτα,
617 2984 965 3063 τυγχάνουσί
999 3009 1101 3060 μοι
1140 2984 1332 3046 παῖδες
1373 2983 1553 3045 ἐόντες
1590 2986 1774 3052 πέντε,
1818 2987 1916 3043 καί

313 3077 496 3141 σφεας
522 3069 948 3145 καταλαμβάνει
986 3069 1197 3133 πάντας
1221 3095 1340 3145 αμα
1366 3070 1463 3129 σοὶ
1504 3070 1911 3144 στρατεύεσθαι

315 3155 406 3210 ἐπὶ
445 3179 551 3227 την
583 3154 856 3213 Ἑλλάδα·
905 3180 982 3213 συ
1023 3155 1100 3223 δὲ,
1144 3180 1187 3212 ω
1229 3156 1499 3230 βασιλεῦ,
1544 3157 1643 3230 ἐμε
1684 3158 1739 3216 ἐς
1780 3155 1911 3216 τόδε

314 3235 594 3312 ἡλικίης”
557 3262 762 3312 ηκοντα
803 3240 1084 3314 οἰκτείρας,
1114 3244 1224 3299 τῶν
1247 3264 1346 3315 μοι
1372 3240 1635 3299 παίδων”
1606 3264 1701 3301 ενα
1730 3241 1911 3318 παρά-
