2192 3409
295 117 360 168 74
909 112 1276 164 ἮΡοΔοϊοϊ
1766 114 1892 181 [VI.

297 193 390 253 ἐπὶ
434 192 613 254 πλέον
659 193 877 274 ἐγένετο
921 191 1131 254 τούτων
1177 197 1233 255 ἐς
1280 194 1458 256 νεῖκος
1502 192 1680 270 φέρον
1716 192 1897 263 Ἴωσι,

295 279 453 340 ἀλλὰ
480 279 610 341 τάδε
651 282 756 358 μὲν
789 280 1049 359 χρήσιμα
1089 279 1266 357 κάρτα
1304 282 1457 339 τοῖσι
1480 279 1643 339 Ἴωσι
1681 281 1899 362 ἐγένετο

297 368 498 429 τούτου
523 372 628 428 τοῦ
654 369 819 431 ἔτεος.
888 366 1270 445 Ἀρταφέρνης
1298 366 1329 425 ὁ
1358 366 1605 441 Σαρδίων
1630 366 1898 445 ὕπαρχος,

297 455 804 533 μεταπεμψάμενος
837 454 1113 534 ἀγγέλους
1138 459 1199 513 έκ
1225 458 1334 513 τῶν
1365 454 1579 512 πολίων
1618 453 1903 531 συνθήκας

301 545 480 618 σφίσι
522 542 743 602 αὐτοῖσι
780 541 908 604 τοῦς
934 539 1131 603 Ἴωνας
1162 540 1451 621 ἠνάγκασε
1475 540 1784 612 ποιέεσθαι,
1814 543 1903 601 ἵνα

301 629 572 689 ὃοσίδικοι
599 629 706 689 εἶεν
733 630 826 687 καὶ
851 627 932 705 μὴ
951 626 1240 702 ἀλλήλους
1260 628 1485 704 φέροιέν
1499 654 1561 687 τε
1582 627 1673 685 καὶ
1692 628 1899 708 α’γοιεν.

301 715 478 775 ταῦτα’.
524 739 586 775 τε
631 715 916 796 η’νάγκασε
962 714 1169 773 ποιέειν
1213 716 1305 773 καὶ
1341 714 1442 778 τοῖς
1480 714 1666 793 χώρας
1708 716 1903 791 σφέων

237 840 261 872 .
302 801 590 880 μετρήσας
648 802 788 862 κατὰ
845 801 1460 883 παρασάγγας,-τοῧς
1518 802 1787 861 καλέουσι
1848 806 1902 861 οἱ

305 890 529 966 Πέρσαι
579 889 653 950 τὰ
702 890 999 967 τριήκοντα
1053 889 1498 959 στάδια,--κατᾶ
1549 890 1617 965 δὴ
1676 889 1903 953 τούτους

303 977 590 1055 μετρήσας
633 977 843 1056 φόρους
884 978 1042 1047 ἔταξε
1091 976 1399 1047 ἑκάστοισι,
1440 977 1495 1037 οἳ
1537 976 1675 1036 κατοὶ
1716 976 1904 1055 χώρην

263 1066 654 1127 διατελέουσι
696 1070 914 1146 ἔχοντες
959 1070 1018 1123 ἐκ
1058 1064 1261 1125 τούτου
1303 1068 1403 1124 τοῦ
1438 1065 1642 1143 χρόνου
1680 1064 1787 1123 αἰεὶ
1824 1066 1904 1124 ἔτι

307 1154 398 1211 καὶ
425 1159 480 1216 ἐς
505 1158 619 1231 ἐμὲ,
649 1181 722 1218 ως
749 1152 1070 1233 ἐτάχθησαν
1109 1152 1172 1221 ἐξ
1203 1152 1628 1230 Ἀρταφέρνεος·
1671 1150 1903 1229 ἐτάχθη-

305 1266 416 1300 σαν
443 1242 501 1301 δὲ
527 1242 736 1321 σχεδον
764 1240 905 1301 κατοί
932 1240 1004 1301 τοὶ
1033 1239 1175 1300 αὕτα
1209 1266 1281 1300 τα
1304 1232 1409 1299 καὶ
1418 1238 1731 1349 Ηπρότερον
1733 1239 1903 1317 εἶχον.

211 1329 290 1387 43
307 1330 428 1387 Καί
450 1336 562 1401 σφι
587 1336 764 1389 ταῦτα
801 1332 906 1407 μὲν
947 1330 1195 1413 εἰρηναῖα
1234 1326 1322 1404 ἦν.
1405 1326 1521 1403 ἅμα
1560 1325 1618 1384 δὲ
1653 1329 1731 1404 τῷ
1767 1328 1903 1402 ἔαρι,

305 1419 415 1474 τῶν
441 1416 630 1475 ἄλλων
665 1416 1126 1493 καταλελυμένων
1166 1440 1496 1495 στρατηγων
1524 1417 1583 1471 ἐκ
1608 1384 1904 1487 βασιλέος,

309 1501 625 1577 Μαρδόνιος
679 1530 710 1560 ο
761 1503 1036 1579 Γωβρυεω
1089 1502 1386 1578 κατέβαινε
1439 1502 1529 1560 ἐπὶ
1584 1500 1904 1571 θάλασσαν,

308 1587 553 1663 στρατὸν
605 1588 828 1649 πολλόν
872 1592 975 1665 μὲν
1027 1592 1203 1667 κάρτα
1255 1589 1422 1660 πεζὸν
1473 1588 1591 1667 ἅμα
1636 1587 1907 1668 ἀγόμενος

307 1674 530 1735 πολλόν
562 1675 620 1734 δὲ
657 1675 928 1745 ναυτικόν,
957 1673 1183 1753 ἡλικίην
1207 1703 1271 1737 τε
1297 1678 1417 1741 νέος
1444 1678 1563 1747 ε’ὣν,
1592 1676 1685 1736 καὶ
1710 1678 1908 1759 νεωστὶ

307 1762 637 1844 γεγαμηκὼς
688 1764 967 1839 βασιλέος
1014 1766 1254 1840 Δαρείου
1308 1766 1585 1845 θυγατέρα
1634 1763 1907 1843 Ἀρταζώ-

311 1874 508 1925 στρην.
589 1848 739 1930 ἅγων
780 1850 840 1909 δὲ
881 1850 982 1911 τόν
1024 1853 1269 1928 στρατόν
1307 1856 1506 1912 τοῦτον
1532 1850 1565 1911 ὅ
1593 1852 1909 1927 Μαρδόνιος

311 1937 436 1995 ἐπεί
455 1960 517 1997 τε
547 1938 762 2017 ἐγένετο
791 1942 848 1997 ἐν
873 1942 946 2016 τῇ
974 1940 1223 2018 Κιλικίῃ,
1252 1938 1419 2003 αὖτᾶς
1443 1942 1547 2016 μὲν
1573 1938 1777 2014 ἐπιβὰς
1796 1998 1802 2003 ,
1818 1937 1908 1996 ἐπὶ

311 2022 433 2086 νεός
472 2025 755 2099 ἐκομίζετο
781 2024 900 2101 ἅμα
923 2029 1060 2103 τῇσι
1095 2024 1314 2104 ἄλλῃσι
1340 2025 1527 2102 νηυσὶ,
1554 2024 1823 2102 στρατιὴν
1850 2025 1909 2082 δὲ

309 2111 415 2185 τήν
443 2112 617 2188 πεζὴν
649 2109 823 2171 ἄλλοι
848 2112 1119 2193 ἡγεμόνες
1142 2112 1284 2193 ἦγον
1310 2113 1403 2172 ε’πὶ
1427 2112 1529 2173 τᾶν
1553 2112 1907 2187 Ἑλλήσπον-

234 2273 238 2281 ι
311 2223 430 2258 τον.
513 2198 584 2263 ὥς
609 2199 670 2257 δὲ
696 2202 1036 2276 παραπλέων
1073 2200 1179 2277 τήν
1204 2200 1406 2276 Ἀσίην
1432 2198 1663 2260 α’πίκετο
1690 2200 1722 2259 ὁ
1750 2205 1909 2275 Μαρ-

311 2285 490 2350 δόνιος
522 2290 577 2351 ές
607 2280 720 2363 ’τήν
745 2282 972 2363 Ἰωνίην,
1004 2289 1243 2348 ἐνθαῦτα
1281 2288 1555 2367 μέγιστον
1584 2288 1747 2363 θῶμα
1779 2287 1911 2361 ε’ρέω

310 2378 464 2435 τοῖσι
497 2375 578 2452 μή
599 2374 1082 2452 ’ἀποδεκομένοισι
1124 2373 1415 2449 Ἑλλήνων
1452 2373 1720 2451 Περσέων
1757 2376 1911 2432 τοῖσι

314 2462 453 2521 ἐπεὶ
503 2462 740 2523 Ὀτάνεα
791 2461 1020 2544 γνώμην
1063 2460 1447 2531 ἀποδέξασθαι
1494 2460 1567 2523 ὥς
1610 2460 1780 2538 χρεόν
1826 2460 1911 2534 εἴη

313 2548 790 2626 δημοκρατέεσθαι
830 2550 1079 2625 Πέρσας·
1134 2547 1263 2611 τούς
1308 2547 1418 2627 γὰρ
1464 2546 1757 2624 τυράννους
1799 2550 1913 2606 τῶν

315 2632 510 2693 Ἰώνων
551 2634 914 2699 καταπαύσας
956 2637 1169 2699 πάντας
1208 2634 1241 2695 ὁ
1278 2635 1598 2711 Μαρδόνιος
1638 2634 1913 2711 δημοκρα-

313 2720 434 2781 τίας
480 2721 718 2783 κατίστα
767 2726 823 2787 ἐς
866 2723 985 2787 τὰς’
1011 2722 1238 2785 πόλιας.
1319 2726 1497 2781 ταῦτα
1542 2721 1600 2781 δὲ
1649 2721 1911 2796 ποιήσας,

312 2805 574 2887 ἠπείγετο
619 2814 674 2871 ἐς
713 2808 814 2870 τόν
852 2809 1305 2884 Ἑλλήσποντον.
1388 2808 1458 2871 ὥς
1500 2808 1560 2867 δὲ
1597 2807 1915 2885 συνελέχθη

314 2898 418 2969 μὲν
457 2899 652 2973 χρῆμα
691 2896 917 2955 πολλὰν
957 2902 1109 2967 νεῶν,
1156 2897 1472 2973 συνελέχθη
1514 2896 1575 2954 δὲ
1618 2896 1711 2953 καὶ
1751 2893 1917 2964 πεζὸς

316 2982 537 3044 πολλὰς
568 2983 826 3059 στρατὸς,
855 2982 1153 3057 διαβάντες
1177 2986 1313 3057 τῇσι
1348 2982 1512 3057 νηυσὶ
1539 2982 1639 3041 τὸν
1662 2980 1916 3057 Ἑλλήσ-

318 3067 888 3141 ποντονέπορεύοντο
916 3067 1006 3124 διὰ
1031 3071 1135 3140 τῆς
1159 3068 1445 3141 Εὐρώπης·
1488 3068 1819 3144 ἐπορεύοντο
1860 3068 1918 3126 δὲ

226 3150 304 3204 44
323 3151 416 3204 ἐπί
447 3175 508 3208 τε
543 3152 830 3225 Ἐρέτριαν
867 3154 958 3209 καὶ
989 3152 1249 3225 Ἀθήνας.
1332 3152 1508 3213 Αὗται
1544 3156 1648 3230 μὲν
1690 3153 1766 3213 ὧν
1806 3161 1919 3230 σφι

324 3232 632 3307 πρόσχημα
673 3235 824 3307 ἦσαν
864 3241 963 3293 τοῦ
1008 3237 1239 3295 στόλου·
1284 3236 1424 3314 σῖτσῖρ
1461 3244 1519 3297 ἐν
1555 3240 1664 3319 νόῳ
1701 3242 1919 3321 ἔχοντες
