2192 3409
322 90 608 154 πει-137]
1011 88 1239 137 mum.
1831 94 1923 141 115

325 170 390 226 οὐ
429 164 644 244 Τιμοῦν
677 168 814 227 εἶναι
853 167 958 243 τήν
995 169 1176 241 αἰτίην
1210 168 1436 239 τούτων,
1473 166 1628 228 ἆλλοὶ
1666 168 1778 229 δεῖν
1816 171 1927 249 γοῖρ

327 254 642 315 Μιλτιάδεα
679 260 946 315 τελευτᾶν
985 256 1066 332 μή
1111 254 1189 327 εὖ,
1225 256 1475 331 φανῆναί
1508 259 1560 316 οἶ
1594 260 1705 316 τῶν
1749 262 1929 315 κακῶν

327 343 696 423 κατηγεμόνα·
769 344 1039 419 Παρίοισι
1064 348 1169 420 μὲν
1197 344 1264 417 δὴ
1291 346 1465 403 ταῦτα
1491 343 1529 418 ἦ
1556 344 1741 419 Πυθίη
1770 345 1925 423 ἔχρη-

327 456 418 490 σε.
497 431 785 506 Ἀθηναῖοι
811 432 870 491 δὲ
898 436 956 491 ἐκ
986 431 1184 507 Πάρου
1218 432 1534 489 Μιλτιάδεα
1575 430 1883 505 οἷπονοστή-
1909 432 2020 489 136

329 514 510 579 σαντα
547 521 720 598 ἔσχον
757 524 816 579 ἐν
853 520 1105 596 στόμασι
1143 518 1202 577 οἴ
1232 545 1293 578 τε
1335 518 1507 577 ἄλλοι
1544 519 1635 577 καὶ
1673 518 1929 594 μάλιστα

329 608 652 671 Ξάνθιππος
680 606 713 665 ὁ
739 608 1090 683 Ἀρίφρονος·
1137 606 1197 669 ὃς
1225 606 1465 666 θανάτου
1490 606 1792 687 ὖπαγαγῶν
1818 606 1927 665 ὖπό

329 695 427 754 τόν
467 696 644 771 δῆμον
671 697 986 754 Μιλτιάδεα
1029 696 1213 753 ἐδίωκε
1246 699 1344 770 τῆς
1367 693 1675 770 Ἀθηναίων
1716 693 1931 769 ἀπάτης

331 782 550 841 εἵνεκεν·
593 782 910 857 Μιλτιάδης
952 782 1012 841 δὲ
1055 781 1219 844 αὐτὸς
1260 784 1363 858 μὲν
1404 781 1622 857 παρεών
1662 780 1761 841 οὐκ
1798 781 1930 840 α’,πε-

331 872 586 951 λογέετο·
644 869 714 945 ἦν
763 870 872 951 γίρ
927 870 1193 932 ἀδύνατος
1249 868 1396 929 ὥστε
1449 871 1774 945 σηπομένου
1828 873 1928 929 τοῦ

331 960 532 1035 μηροῦ·
573 958 934 1034 προκειμένου
969 958 1030 1017 δὲ
1073 958 1242 1017 αὐτοῦ
1281 962 1339 1016 ἐν
1376 958 1537 1035 κλίνῃ
1580 956 1949 1033 ὖπεραπολο--

331 1046 529 1125 γέοντο
571 1048 624 1104 οἶ
671 1046 851 1120 φίλοι,
892 1050 994 1121 τῆς
1033 1044 1219 1124 μάχης
1263 1071 1325 1103 τε
1372 1048 1471 1121 τῆς
1519 1049 1577 1105 ἐν
1623 1046 1931 1121 Μαραθῶνι

331 1134 630 1212 γενομένης
675 1133 868 1192 πολλά
917 1134 1348 1210 ἐπιμεμνημένοι
1402 1132 1493 1189 καὶ
1544 1132 1647 1207 τὴν
1700 1132 1931 1207 Λήμνου

335 1220 567 1296 αἵρεσιν,
597 1220 666 1284 ὥς
695 1221 835 1280 ἑλῶν
861 1221 1093 1296 Λῆμνόν
1118 1246 1181 1280 τε
1209 1221 1299 1279 καὶ
1333 1219 1633 1296 τισάμενος
1664 1219 1793 1281 τούς
1821 1217 1954 1277 Πε-Ι

335 1308 588 1389 λασγούς
622 1302 903 1384 παρέδωκε
929 1308 1299 1384 Ἀθηναίοισι.
1382 1308 1835 1388 προσγενομένου
1874 1307 1932 1365 δὲ

334 1400 438 1455 τοῦ
481 1396 660 1472 δήμου
706 1395 850 1474 αὐτῷ
894 1396 1033 1454 κατὰ
1074 1396 1179 1472 τὴν
1223 1394 1505 1455 ἀπόλυσιν
1538 1398 1639 1453 τοῦ
1677 1394 1931 1465 θανάτου,

337 1484 719 1559 ζημιώσαντος
747 1483 804 1541 δὲ
831 1483 971 1541 κατὰ
990 1483 1096 1557 τήν
1122 1482 1337 1559 ἀδικίην
1362 1481 1705 1559 πεντήκοντα
1732 1482 1933 1542 ταλάν-

336 1596 508 1639 τοισι,
535 1568 851 1644 Μιλτιάδης
873 1572 978 1645 μὲν
1001 1570 1143 1646 μετὰ
1167 1576 1343 1631 ταῦτα
1378 1570 1835 1647 σφακελίσαντός
1873 1596 1934 1629 τε

337 1660 440 1714 τοῦ
476 1660 658 1732 μηροῦ
693 1658 791 1739 ’καὶ
831 1658 1107 1721 σαπέντος
1130 1662 1379 1737 τελευτᾷ,
1408 1660 1479 1717 ταῖ
1505 1658 1565 1717 δὲ
1590 1656 1932 1733 πεντήκοντα

339 1742 588 1803 τάλαντα
629 1744 838 1813 ἐξέτισε
881 1744 912 1805 ὁ
951 1746 1082 1809 πάϊς
1123 1746 1291 1805 αὐτοῦ
1334 1748 1546 1822 Κίμων.

419 1834 650 1909 Λῆμνον
677 1833 738 1892 δὲ
762 1834 1079 1908 Μιλτιάδης
1106 1834 1137 1893 ὅ
1171 1834 1427 1909 Κίμωνος
1455 1831 1557 1893 ὦδε
1583 1835 1735 1913 ἔσχε·
1778 1839 1889 1891 Πε-
1916 1835 2027 1895 137

335 1922 568 2002 -λασγοὶ,
598 1922 721 1981 ἐπεί
748 1948 812 1981 τε
848 1926 908 1979 ἐκ
945 1926 1046 1997 τῆς
1070 1920 1329 1997 Ἀττικῆς
1364 1920 1475 1980 akr&
1510 1920 1818 1997 Ἀθηναίων
1855 1921 1935 1991 ἐξ·

341 2009 691 2085 εβλήθησαν,
730 2011 840 2069 εἴτε
880 2009 956 2069 ὧν
995 2009 1064 2085 δὴ
1106 2010 1323 2071 δικαίως
1354 2010 1475 2069 ἐἴτε
1516 2008 1729 2071 ἀδίκως·
1769 2013 1935 2067 τοῦτο

339 2096 448 2175 γάρ
485 2097 586 2157 οὐκ
617 2099 725 2175 ἔχω
762 2097 983 2175 φράσαι
1022 2097 1176 2173 πλὴν
1210 2097 1281 2155 τοὶ
1318 2096 1615 2177 λεγόμενα·
1657 2096 1743 2155 ὅτι
1776 2096 1936 2154 Ἑκα-

340 2188 494 2247 ταῖος
534 2188 636 2262 μὲν
679 2185 710 2244 ὁ
753 2184 1152 2265 “Ηγησάνδρου
1193 2187 1373 2261 ἔφησε
1418 2190 1476 2244 ἐν
1492 2263 1495 2266 ¹
1514 2188 1669 2243 τοῖσι
1710 2184 1937 2265 λόγοισι

340 2273 522 2352 λέγων
547 2271 761 2333 ἀδίκως·
805 2272 928 2329 ἐπεί
948 2298 1010 2331 τε
1035 2272 1146 2351 γάρ
1177 2272 1307 2332 ἰδεῖν
1331 2273 1459 2336 τούς
1483 2271 1811 2347 Ἀθηναίους
1836 2273 1939 2345 τήν

339 2358 545 2436 χώρην,
571 2357 674 2433 τήν
699 2364 876 2433 σφισι
902 2358 1125 2418 αὐτοῖσι
1150 2358 1261 2419 om?
1288 2360 1386 2419 τὸν
1410 2358 1707 2437 ’Υμησσόν
1734 2353 1959 2418 ἐοῦσαν

343 2446 548 2504 ἔδοσαν
595 2448 820 2521 οἰκῆσαι
860 2447 1069 2524 μισθόν
1113 2450 1213 2506 τοῦ
1259 2447 1470 2526 τείχεος
1512 2449 1616 2507 τοῦ
1661 2446 1791 2523 περὶ
1834 2445 1939 2521 τήν

342 2532 650 2609 ἀκρόπολίν
691 2560 817 2593 κοτε
860 2534 1225 2611 ἐληλαμένου·
1279 2535 1484 2611 ταύτην
1528 2534 1599 2597 ὥς
1642 2533 1772 2593 ἰδεῖν
1811 2534 1938 2597 τοῦς

342 2620 668 2698 Ἀθηναίους
695 2622 1103 2703 ἐξεργασμένην
1130 2622 1204 2693 εὖ,
1232 2623 1336 2699 τὴν
1359 2622 1632 2700 πρότερον
1667 2622 1805 2682 εἶναι
1846 2648 1939 2681 κα-

345 2708 446 2783 κήν
469 2735 531 2769 τε
559 2710 650 2768 καὶ
675 2713 776 2769 τοῦ
801 2711 1033 2786 μηδενὸς
1059 2710 1235 2786 ἀξίην,
1264 2712 1470 2786 λαβεῖν
1501 2709 1715 2785 φθόνον
1748 2736 1810 2769 τε
1848 2710 1939 2769 καὶ

345 2796 536 2873 ἵμερον
557 2802 660 2873 τῆς
681 2802 803 2877 γῆς,
832 2798 924 2855 καὶ
951 2796 1092 2857 οὕτω
1120 2796 1429 2867 ἐξελαύνειν
1457 2795 1655 2859 αὐτους
1682 2797 1940 2873 οὐδεμίαν

343 2882 530 2960 ἄλλην
573 2883 867 2961 πρόφασιν
918 2885 1364 2963 προϊσχομένους
1414 2882 1545 2945 τούς
1594 2881 1937 2957 Ἀθηναίους.

345 2970 416 3039 ὥς
461 2972 520 3030 δὲ
561 2971 718 3030 αὐτοὶ
761 2970 1050 3047 Ἀθηναῖοι
1095 2973 1347 3051 λέγουσι,
1392 2969 1609 3031 δικαίως
1656 2968 1954 3039 ἐξελάσαι.-

346 3060 770 3135 κατοικημένους
808 3059 919 3140 γάρ
958 3060 1086 3121 τούς
1114 3058 1457 3137 Πελασγούς
1487 3054 1595 3114 ὖπὸ
1623 3059 1699 3133 τῷ
1723 3054 1938 3131 Ὑμησ-

279 3214 284 3220 ⁴
346 3152 447 3224 σῷ,
476 3148 724 3207 ἐνθεῦτεν
750 3146 1127 3223 ὁρμεωμένους
1153 3144 1385 3204 ἀδικέειν
1408 3143 1557 3203 τάδε·
1601 3146 1805 3219 φοιτᾶν
1830 3141 1940 3224 γάρ

347 3233 454 3293 αἰεὶ
479 3233 580 3297 τάς
606 3234 884 3311 σφετέρας
925 3233 1230 3314 θυγατέρας
1254 3258 1315 3291 τε
1343 3231 1435 3290 καὶ
1458 3230 1587 3295 τοῦς
1612 3232 1812 3295 παῖδας
1854 3230 1939 3290 ἐπ’
