2192 3409
243 80 451 143 ιιι-46]
911 72 1279 130 ΠΟΛΤΜΝΙΑ.
1752 78 1843 127 141

245 158 684 238 Σικοῖμανδρον,“ΕΙ
651 187 714 226 ος
737 164 954 239 πρῶτος
979 163 1247 236 ποταμῶν
1274 158 1399 217 ἐπεί
1418 182 1479 217 τε
1506 161 1565 217 ἐκ
1594 156 1841 233 Σαρδίων

243 248 630 324 ορμηθέντες’
605 248 972 329 επεχείρησαν
997 251 1069 325 τῇ
1096 248 1221 325 οδῷ,
1244 247 1475 305 ἐπέλιπε
1500 244 1567 305 τὰ
1591 246 1833 322 ῥέεθρον,

243 335 355 394 οὐδ’
382 335 674 415 ἀπέχρησε
711 339 785 414 τῇ
825 338 1064 413 στρατιῇ
1100 360 1161 393 τε
1189 334 1280 393 καὶ
1305 336 1457 393 τοῖσι
1484 332 1709 408 κτήνεσι
1748 358 1837 390 πι-

243 423 494 499 νόμενος·
548 424 641 482 ἐπὶ
682 428 880 484 τοῦτον
927 422 994 498 δὴ
1041 422 1142 482 τὸν
1188 421 1443 497 ποταμὸν
1490 419 1560 482 ὦς
1606 418 1836 479 οἷπίκετο

243 512 468 587 Ξέρξης,
487 516 542 575 ἐς
558 512 624 571 τό
646 511 908 588 Πριάμου
930 512 1238 591 Πέργαμον
1263 509 1459 585 α’νέβη,
1485 508 1672 584 ἵμερον
1699 509 1837 586 ἔχων

244 598 580 673 θεήσασθαι·
637 598 979 675 θεησάμενος
1033 599 1092 657 δὲ
1146 598 1237 656 καὶ
1288 596 1599 672 πυθόμενος
1651 597 1837 656 κείνων

243 685 470 756 ἕκαστα,
496 691 568 766 τῇ
593 686 862 765 Ἀθηναίῃ
897 690 969 764 τῇ
1002 684 1204 745 Ἰλιάδι
1246 686 1409 746 ἔθυσε
1448 686 1591 759 βοῦς
1630 685 1835 762 χιλίας,

241 773 380 850 χοᾶς
399 774 458 833 δὲ
485 778 538 833 οἱ
562 774 735 855 μάγοι
760 777 914 835 τοῖσι
940 774 1121 851 ἥρωσι
1142 773 1387 852 ἐχέαντο·
1428 776 1604 831 ταῦτα
1630 772 1688 830 δὲ
1714 797 1834 831 ποι-

241 862 576 937 ησαμένοισι
601 861 794 925 νυκτὸς
815 861 1005 938 φόβος
1023 867 1078 924 ἐς
1095 860 1161 921 τό
1190 859 1570 938 στρατόπεδον
1582 860 1835 921 ἐνέπεσε·

241 946 358 1023 ἅμα
393 948 572 1028 η’μέρῃ
614 950 672 1009 δὲ
714 949 1004 1027 ἐπορεύετο
1046 949 1311 1018 ἐνθεῦτεν,
1339 953 1397 1007 ἐν
1436 946 1703 1026 ἀριστερῇ
1732 950 1838 1024 μὲν

241 1034 496 1115 ἀπέργων
518 1038 784 1097 Ῥοίτειον
809 1036 978 1097 πόλιν
1020 1037 1112 1095 καὶ
1137 1035 1467 1113 Ὀφρύνειον
1495 1035 1585 1092 καὶ
1614 1034 1832 1111 Δέρδα·
2021 1042 2144 1150 ss

243 1148 353 1192 νον,
381 1122 524 1201 ἥπερ
553 1125 620 1199 δὴ
647 1124 868 1205 Ἀβύδῳ
895 1123 1134 1202 ὅμουρός
1161 1128 1299 1193 ἐστι,
1330 1129 1387 1183 ἐν
1422 1123 1574 1199 δεξιῇ
1615 1122 1673 1181 δὲ
1700 1124 1833 1200 Γέρ-
1898 1151 2040 1213 [44
2059 1185 2074 1192 ,

241 1213 404 1290 γιθας
435 1212 718 1290 Τευκρούς.

321 1296 480 1357 Ἐπεὶ
526 1299 572 1360 δ’
621 1302 874 1382 ἐγένοντο
926 1307 983 1361 ἐν
1035 1300 1277 1379 Ἀβύδῳ,
1324 1298 1575 1376 ἠθέλησε
1620 1298 1830 1375 Ξέρξης
1850 1300 1927 1359 44

242 1386 458 1447 ἰδέσθαι
492 1387 674 1449 πάντα
709 1388 809 1449 τόν
848 1388 1111 1465 στρατόν·
1156 1387 1247 1447 καὶ
1272 1386 1683 1463 προεπεποίητο
1720 1386 1831 1466 γὰρ

243 1475 332 1533 ἐπὶ
368 1480 612 1535 κολωνοῦ
649 1476 898 1552 ἐπίτηδες
935 1476 1079 1554 αὐτῷ
1117 1475 1290 1554 ταύτῃ
1330 1474 1633 1552 προεξέδρη
1668 1476 1832 1534 λίθου

239 1565 442 1621 λευκοῦ
448 1589 460 1601 ·
503 1564 774 1637 ἐποίησαν
817 1563 876 1621 δὲ
908 1562 1229 1639 Ἀβυδηνοὶ,
1273 1563 1657 1639 ἐντειλαμένου
1696 1561 1831 1639 πρό-

239 1674 402 1725 τερον
426 1650 722 1724 βασιλέος·
765 1650 1000 1710 ἐνθαῦτα
1026 1650 1096 1714 ὦς
1125 1651 1285 1721 ἵζετο,
1316 1655 1561 1727 κατορῶν
1602 1651 1692 1709 ἐπὶ
1731 1654 1831 1725 τῆς

239 1734 426 1810 ἠϊόνος
464 1738 678 1813 ἐθηεῖτο
720 1739 810 1797 καὶ
849 1736 950 1799 τόν
983 1738 1151 1809 πεζόν
1178 1739 1268 1797 καὶ
1293 1738 1393 1801 τὰς
1418 1740 1561 1801 νέας·
1604 1738 1830 1815 θηεύμε-

241 1849 334 1885 νος
374 1824 432 1883 δὲ
474 1825 672 1903 ἱμέρθη
697 1828 806 1885 τῶν
832 1830 966 1886 νεῶν
991 1824 1243 1902 ἅμιλλαν
1268 1828 1562 1906 γινομένην
1594 1826 1828 1885 ἰδέσθαι·

240 1913 359 1971 ἐπεὶ
386 1912 432 1971 δ’
460 1913 674 1993 ἐγένετό
699 1939 760 1973 τε
787 1914 880 1973 καὶ
907 1914 1094 1973 ἐνίκων
1118 1914 1365 1978 Φοίνικες
1383 1913 1648 1983 Σιδώνιοι,
1675 1912 1827 1990 ἥσθη

237 2025 300 2058 τε
340 2004 412 2079 τῇ
443 2000 660 2081 α’μίλλῃ
699 2002 792 2060 καὶ
825 2006 898 2081 τῇ
935 2005 1192 2079 στρατιῇ·
1260 2000 1356 2065 Ὡς
1396 2002 1454 2060 δὲ
1494 1999 1607 2077 ὥρα
1646 2000 1829 2061 πάντα
1845 2004 1923 2060 45

235 2088 340 2163 μὲν
378 2088 478 2149 τόν
500 2088 930 2165 Ἑλλήσποντον
969 2088 1080 2148 ὑπὸ
1110 2093 1220 2149 τῶν
1250 2093 1383 2149 νεῶν
1414 2088 1827 2167 ἀποκεκρυμμέ-

236 2199 349 2246 νον,
381 2176 570 2240 walcras
606 2178 664 2235 δὲ
706 2176 806 2239 τοὶς
846 2175 1016 2239 ‹invuls-
1059 2176 1153 2235 καὶ
1193 2176 1265 2236 τοὶ
1297 2175 1623 2253 Ἀβυδηνῶν
1664 2178 1827 2237 πεδία

236 2265 478 2323 ἐπίπλεα
519 2264 834 2339 ἀνθρώπων,
876 2264 1111 2324 ἐνθαῦτα
1141 2264 1352 2341 Ξέρξης
1392 2264 1591 2323 ἐωυτόν
1626 2265 1825 2340 ἐμακά-

232 2375 381 2427 ρισε·
422 2351 564 2426 μετὰ
590 2351 648 2409 δὲ
673 2355 840 2411 τοῦτο
867 2350 1152 2429 ἐδάκρυσε.
1236 2351 1450 2411 Μαθὼν
1489 2351 1551 2410 δέ
1580 2376 1678 2427 μιν
1701 2349 1826 2427 Ἀρ·
1847 2354 1921 2409 46

237 2438 484 2514 τάβανος
508 2437 539 2496 ὁ
567 2438 798 2515 πάτρως,
827 2438 888 2502 ὃς
921 2438 987 2499 τὸ
1029 2444 1250 2516 πρῶτον
1273 2438 1497 2521 γνώμην
1523 2438 1826 2506 ἀπεδέξατο

234 2527 532 2604 ἐλευθέρως
558 2525 622 2585 οὗ
650 2528 1057 2604 συμβουλεύων
1081 2528 1263 2607 Ξέρξῃ
1294 2525 1699 2602 στρατεύεσθαι
1738 2526 1829 2585 ἐπὶ

230 2614 336 2690 τήν
376 2615 645 2689 Ἑλλάδα,
693 2614 852 2679 οὗτος
892 2616 1034 2693 ὃνὴρ
1070 2616 1346 2693 φρασθεὶς
1386 2614 1597 2691 Ξέρξεα
1632 2613 1825 2691 δακρύ-

231 2727 413 2762 σαντα
441 2704 621 2781 εἶρετο
644 2703 794 2763 τάδε·
839 2715 871 2739 “
891 2703 934 2763 ὦ
959 2706 1227 2782 βασιλεῦ,
1258 2702 1329 2766 ὦς
1367 2701 1517 2762 πολι)
1558 2700 1827 2777 α’,λλήλων

231 2792 613 2869 κεχωρισμένα
653 2789 902 2871 ἐργάσαο
944 2797 1042 2851 νῧν
1081 2817 1144 2850 τε
1180 2790 1275 2849 καὶ
1297 2789 1477 2897 ’ὀλίγῳ
1517 2789 1823 2866 πρότερον;

227 2878 546 2954 μακαρίσας
584 2906 694 2959 γαρ
737 2904 980 2939 σεωυτον
1012 2876 1312 2955 δακρύειςγ
1354 2904 1385 2937 ο
1414 2878 1472 2937 δὲ
1497 2877 1635 2936 εἶπε·
1678 2887 1713 2911 “
1732 2882 1825 2936 ἐσ-

227 2966 372 3039 ἦλθε
409 2966 520 3046 γάρ
561 2993 635 3043 με
673 2966 1050 3047 λογισαμενον
1091 2969 1459 3043 κατοικτεῖραι
1500 2991 1569 3028 ως
1608 2963 1829 3042 βραχῦς

228 3054 314 3129 εἴη
361 3052 394 3112 ὅ
441 3058 550 3117 πᾶς
603 3054 946 3131 ανθρωπινος
991 3055 1139 3130 βίος,
1184 3060 1231 3113 εἰ
1276 3052 1483 3115 τούτων
1523 3078 1589 3133 γε
1631 3049 1827 3111 ἐόντων

225 3142 510 3203 τοσούτων
550 3142 778 3206 οὐδεὶς’
752 3168 808 3207 ες
834 3141 1137 3203 ἔκατοστόν
1176 3144 1295 3204 ἔτος
1330 3138 1667 3219 περιέσται·
1708 3137 1739 3198 ὁ
1767 3138 1827 3197 δὲ

227 3231 496 3361 αἰμῐιείβῙεῖο
523 3232 720 3306 λέγων·
763 3232 843 3268 “‘
817 3256 976 3309 ετερα
1000 3231 1201 3291 τούτου
1230 3256 1383 3309 παρα
1422 3230 1524 3307 τήν
1564 3228 1697 3305 ζόην
1731 3252 1827 3287 πε·
2118 3296 2191 3365 Δ
