2192 3409
310 107 408 153 264
931 102 1296 149 ‘HPOAOTOT
1731 101 1918 167 [vm.

309 186 531 254 πλοῖον,
571 185 725 243 τοῖσι
764 182 1062 241 ἐπίστευσε
1106 186 1278 263 σιγᾶν
1318 185 1372 244 ἔς
1418 184 1612 241 πᾶσαν
1650 180 1918 259 βάσανον

310 271 759 349 ἀπικνεομένοισι
782 270 855 331 τὰ
882 268 1047 333 αὖτός
1072 270 1384 329 ἐνετείλατο
1404 269 1650 344 βασιλέϊ
1673 270 1914 347 φράσαι·

309 364 419 422 τῶν
447 360 538 418 καὶ
566 360 815 423 Σίκιννος
850 357 882 419 ό
920 360 1132 434 οἰκέτης
1169 355 1321 419 αὖτις
1347 357 1583 435 ἐγένετο·
1625 357 1681 417 οἳ
1707 360 1832 418 ἐπεί
1850 386 1916 421 τε

312 447 579 507 οἷπίκοντο
618 446 761 523 πρὸς
797 444 903 521 τὴν
939 444 1218 520 Ἀττικὴν,
1257 446 1311 503 οἶ
1340 446 1444 520 μὲν
1482 446 1780 521 κατέμενον
1819 450 1916 507 ἐπὶ

309 540 387 612 τῷ
424 534 621 611 πλοίῳ,
665 532 915 595 Σίκιννος
954 532 1015 591 δὲ
1052 530 1272 608 ἀναβὰς
1309 532 1466 607 παρὰ
1503 531 1714 607 Ξέρξεα
1753 534 1918 615 ἔλεγε

310 622 459 681 τάδε·
502 630 538 655 “
556 619 771 697 ἔπεμψέ
799 644 872 695 με
908 619 1328 695 Θεμιστοκλέης
1355 618 1387 678 ό
1416 620 1714 689 Νεοκλέος-ς
1743 646 1916 699 στρα-

310 707 481 788 τηγός
506 710 611 783 μὲν
632 706 941 782 Ἀθηναίων
964 706 1106 783 σ’,νήρ
1135 706 1194 764 δὲ
1223 710 1332 765 τῶν
1358 706 1673 785 συμμάχων
1695 707 1918 769 πάντων

312 796 543 871 ἄριστος
583 795 674 853 καὶ
726 793 1075 869 σοφώτατος,
1133 792 1430 869 φράσοντά
1472 819 1578 864 τοι,
1621 794 1709 854 ὅτι
1745 802 1916 872 Θεμι-

312 884 588 959 στοκλέης
629 882 661 941 ό
703 881 1014 958 Ἀθηναῖος,
1046 882 1146 940 σοὶ
1185 879 1535 957 βουλόμενος
1570 880 1912 963 ὑπουργέειν,

314 973 449 1050 ἔσχε
477 970 609 1033 τούς
637 970 927 1045 Ἕλληνας
965 968 1066 1031 τὰς
1106 973 1241 1044 νῆας
1279 970 1663 1045 βουλομένους
1703 970 1916 1031 διώκειν

314 1060 405 1117 καὶ
442 1058 545 1121 τοὶς
598 1064 657 1117 ἐν
702 1056 1114 1136 Ἑλλησπόντῳ
1155 1056 1405 1137 γεφύρας
1450 1056 1624 1116 λύειν·
1680 1058 1774 1115 καὶ
1817 1063 1917 1117 νῦν

315 1146 431 1206 κατ’
498 1145 743 1225 ἡσυχίην
806 1144 1035 1219 πολλὴν
1096 1142 1370 1221 κομίζεο.”
1453 1146 1512 1203 οἱ
1572 1146 1678 1221 μὲν
1741 1150 1917 1205 ταῦτα

316 1233 663 1312 σημήναντες
688 1231 989 1291 ἀπέπλωον
1014 1230 1216 1291 ὀπίσω.

224 1325 332 1383 111
440 1325 515 1381 Oe
554 1322 615 1381 δὲ
642 1320 937 1396 Ελληνες,
974 1319 1100 1378 ε’πεί
1125 1344 1188 1379 τε
1225 1325 1338 1395 σφι
1372 1318 1608 1390 ἀπέδοξε
1642 1319 1774 1397 μήτ
1801 1327 1914 1381 ἐπι-

316 1410 528 1470 διώκειν
582 1410 661 1469 ἔτι
712 1408 1048 1521 προσωτέρω
1099 1411 1210 1468 τῶν
1260 1408 1572 1485 βαρβάρων
1620 1434 1722 1472 τας
1761 1434 1912 1485 νηας,

314 1498 456 1575 μήτε
492 1497 791 1557 ἐπιπλῶειν
826 1502 881 1558 ἐς
919 1496 1019 1556 τόν
1050 1494 1484 1571 Ἑλλήσποντον
1510 1496 1791 1561 λύσοντας
1814 1499 1915 1559 τὸν

316 1586 507 1663 πόρον,
540 1584 645 1659 τήν
664 1584 907 1661 Ἀνδρον
938 1583 1300 1661 περικατέατο
1335 1584 1574 1653 ἐξελέειν
1604 1582 1912 1648 ἐθέλοντες·

314 1676 525 1749 πρῶτοι
576 1671 689 1752 γάρ
740 1670 993 1747 Ἀνδριοι
1045 1671 1356 1745 νησιωτέων
1407 1672 1718 1747 αἰτηθέντες
1775 1673 1915 1749 πρός

314 1759 731 1835 Θεμιστοκλέος
755 1757 1019 1836 χρήματα
1054 1758 1158 1816 οὐκ
1193 1758 1412 1817 ἔδοσαν·
1455 1758 1609 1817 οἶλλαῖ
1645 1768 1912 1839 προΐσχο-

315 1848 485 1923 μένου
504 1847 920 1921 Θεμιστοκλέος
940 1844 1115 1925 λόγον
1139 1845 1314 1915 τόνδε,
1334 1844 1406 1908 ὥς
1425 1846 1611 1922 ἥκοιεν
1627 1845 1916 1923 Ἀθηναῖοι

314 1935 442 2011 περὶ
470 1932 700 1995 ἑωυτους
727 1934 945 2010 ἔχοντες
981 1931 1079 1991 δύο
1112 1932 1271 1996 θεοὺς
1299 1933 1600 2015 μεγαλους,
1629 1934 1818 1995 Πειθώ
1851 1962 1915 1995 τε

316 2023 408 2081 καὶ
459 2020 811 2101 Ἀναγκαίην,
856 2018 999 2079 οὕτω
1050 2020 1117 2080 τέ
1167 2026 1280 2096 σ’φι
1335 2020 1509 2097 κάρτα
1561 2022 1724 2081 δοτέα
1775 2022 1913 2083 εἶναι

314 2107 593 2187 χρήματα,
620 2106 981 2183 ὑπεκρίναντο
1008 2107 1150 2185 πρὸς
1172 2112 1348 2167 ταῦτα
1375 2109 1647 2189 λέγοντες,
1677 2110 1747 2173 ὦς
1773 2136 1914 2171 κατα

315 2197 491 2277 λόγον
530 2194 681 2271 ἦσαν
712 2194 821 2272 ἄρα
853 2198 911 2253 αἱ
942 2193 1178 2270 Ἀθῆναι
1217 2196 1464 2277 μεγάλαι
1503 2222 1566 2255 τε
1606 2198 1698 2255 καὶ
1737 2196 1914 2257 εὐδαι-

315 2311 495 2363 μονες,
525 2285 616 2343 καὶ
658 2284 796 2343 θεῶν
835 2288 1096 2361 χρηστῶν
1127 2283 1314 2359 ἥκοιεν
1351 2283 1430 2341 εὖ·
1477 2285 1597 2343 ἐπεὶ
1630 2283 1915 2363 Ἀνδρίους

314 2400 383 2454 γε
400 2374 537 2433 εἶναι
555 2370 853 2453 γεωπείνας
870 2376 925 2433 ἐς
942 2369 1013 2429 w}
1026 2372 1272 2450 μέγιστα
1297 2369 1614 2445 ἀνήκοντας,
1645 2373 1736 2431 καὶ
1755 2374 1915 2437 θεοὺς

316 2460 415 2520 δύο
440 2460 757 2539 ἀχρήστους
784 2456 885 2517 οὐκ
912 2458 1187 2517 ἐκλείπειν
1213 2460 1408 2534 σφέων
1431 2458 1536 2535 τὴν
1561 2463 1754 2535 νῆσον,
1782 2460 1915 2519 ἀλλ’

314 2550 423 2608 αἰεὶ
450 2548 832 2626 φιλοχωρέειν,
854 2547 1061 2621 Πενίην
1084 2572 1148 2606 τε
1170 2547 1260 2605 καὶ
1285 2545 1650 2626 Ἀμηχανίην·
1673 2548 1766 2606 καὶ
1789 2550 1914 2608 τού-

312 2660 423 2694 των
441 2640 551 2694 τῶν
578 2636 717 2694 θεῶν
753 2632 1075 2708 ἐπηβόλους
1101 2633 1290 2696 ε’όντας
1314 2631 1598 2711 Ἀνδρίους
1624 2634 1691 2694 οὗ
1715 2634 1916 2695 δώσειν

315 2719 598 2798 χρήματα·
654 2718 910 2779 οὐδέκοτε
949 2720 1061 2800 γαρ
1101 2726 1202 2796 τῆς
1231 2725 1444 2781 ἑωυτῶν
1473 2722 1776 2799 ἀδυναμίης
1809 2723 1917 2800 τήν

314 2807 380 2865 Ἀ
388 2807 621 2881 θηναίων
646 2804 877 2883 δύναμιν
902 2806 1040 2865 εἶναι
1068 2809 1309 2884 ’κρέσσω-
1343 2806 1498 2870 οὗτοι
1525 2812 1630 2886 μὲν
1648 2808 1718 2887 δή
1737 2814 1918 2872 ταῦτα

314 2892 743 2969 ὑποκρινάμενοι
780 2893 871 2950 καὶ
908 2892 973 2951 οὖ
1015 2893 1202 2957 δόντες
1232 2895 1305 2955 τοὶ
1339 2896 1620 2973 χρήματα,
1657 2902 1916 2977 ἐπολιορ-

226 2980 339 3035 112
360 2980 569 3036 κέοντο.
626 2979 1045 3053 Θεμιστοκλέης
1072 2980 1147 3052 δὲ,
1178 3006 1243 3039 ου
1267 3008 1378 3061 γαρ
1401 2984 1634 3043 ε’παυετο
1653 2989 1917 3045 πλεονεκ-

318 3066 467 3135 τέων,
498 3066 800 3139 ἐσπέμπων
836 3070 890 3125 ἐς
925 3064 1024 3126 τοὶς
1050 3066 1232 3130 ἄλλας
1255 3068 1462 3143 νήσους
1487 3070 1920 3149 απειλήτηρίους

316 3147 536 3225 λόγους,
586 3150 733 3207 αἴτεε
784 3149 1050 3224 χρήματα
1106 3154 1195 3210 διὰ
1247 3158 1357 3213 τῶν
1409 3154 1588 3216 αὖτῶν
1639 3158 1918 3239 αγγέλων,

318 3231 626 3307 χρεώμενος
658 3233 885 3310 λόγοισι
920 3240 1073 3293 τοῖσι
1114 3240 1205 3296 καὶ
1251 3241 1390 3315 πρὸς
1428 3240 1711 3319 Ἀνδρίους
1752 3248 1918 3324 ε’χρή-
