2192 3409
304 78 600 144 129—133]
1051 74 1219 125 EPAT
1220 74 1279 125 Ω
1818 77 1915 125 113

314 187 412 221 τον
455 157 722 240 ἀργυρίου
761 153 978 235 ἑκάστῳ
1016 154 1225 233 δωρεὴν
1264 152 1459 231 δίδωμι
1502 154 1605 229 τῆς
1650 151 1914 222 ἆξιῶσιος

318 248 498 307 εἵνεκα
532 248 634 321 τῆς
671 244 794 314 ἐξ’
767 245 897 321 εμεῦ
932 245 1129 323 γῆμαι,
1159 242 1249 301 καὶ
1287 244 1387 316 τῆς
1428 242 1491 311 ἐξ
1528 240 1684 301 οἴκου
1708 240 1913 315 οἷποδη·

316 334 464 411 μίης·
505 336 582 411 τῷ
609 332 666 393 δὲ
690 330 1072 407 Ἀλκμαίωνος
1090 328 1439 409 Μεγακλέῖ’
1412 332 1589 409 εγγυῶ
1614 328 1789 387 παῖδα
1811 328 1919 403 τήν

318 420 457 497 ἐμὴν
481 418 842 499 Ἀγαρίστην,
871 415 1099 492 νόμοισι
1122 420 1276 476 τοῖσι
1299 414 1623 491 Ἀθηναίων·
1622 414 1654 435 ’”
1736 416 1915 493 φαμέ-

318 533 416 569 νου
463 507 522 567 ὃὲ
569 505 882 587 ἐγγυᾶσθαι
921 504 1270 584 Μεγακλέος,
1312 500 1614 580 ἐκεκύρωτο
1656 530 1693 563 ο
1736 500 1919 583 γάμος

320 594 674 655 Κλεισθένεϊ.

399 680 584 759 Ἀμφὶ
638 680 743 757 μὲν
801 677 1039 755 κρίσιος
1069 680 1183 737 τῶν
1236 676 1575 755 μνηστήρων
1622 680 1874 737 τοσαῦτα
1894 678 2001 735 13]

322 768 556 848 ἐγένετο,
605 766 698 827 καὶ
743 766 888 827 οὕτω
931 764 1367 842 Ἀλκμαιωνίδαι
1418 765 1763 841 ἐβώσθησαν
1811 764 1919 825 ἅνα

225 910 232 915 .
319 854 425 931 τήν
474 853 756 914 Ἑλλάδα·
817 851 1027 913 τούτων
1083 852 1145 911 δὲ
1195 851 1662 928 συνοικησάντων,
1706 852 1921 932 γίνεται

323 941 672 1018 Κλεισθένης
715 966 778 1001 τε
825 938 857 1001 ὁ
899 939 999 1003 τοῖς
1039 938 1226 1015 φυλὰς
1270 940 1362 999 καὶ
1400 938 1506 1014 τὴν
1544 939 1921 1015 δημοκρατίην

321 1028 672 1106 Ἀθηναίοισι
697 1026 1076 1103 καταστήσας,
1120 1028 1261 1105 ἔχων
1303 1025 1369 1087 τό
1413 1025 1623 1103 οὔνομα
1664 1024 1776 1085 ‹in-6
1816 1028 1921 1085 τοῦ

323 1117 747 1196 μητροπάτορος
792 1118 894 1175 τοῦ
941 1114 1259 1179 Σικυωνίου·
1302 1112 1461 1177 οὗτός
1498 1140 1562 1175 τε
1601 1113 1669 1189 δή
1709 1113 1922 1194 γίνεται

325 1204 634 1285 Μεγακλέϊ,
688 1204 782 1262 καὶ
825 1201 1215 1279 Ἱπποκράτης.
1296 1206 1358 1261 ἐκ
1405 1201 1467 1261 δὲ
1510 1199 1921 1277 Ἱπποκράτεος,

326 1294 662 1372 Μεγακλέης
685 1316 748 1351 τε
787 1289 980 1364 ἄλλος,
1007 1290 1103 1349 καὶ
1126 1288 1437 1370 Ἀγαρίστη
1474 1288 1645 1364 ἄλλη,
1670 1286 1785 1347 ἅπό
1820 1291 1924 1363 τῆς

328 1380 702 1443 Κλεισθένεος
724 1377 1066 1458 Ἀγαρίστης
1108 1378 1319 1456 ἔχουσα
1350 1376 1421 1437 τὰ
1454 1374 1683 1453 οὕνομα·
1721 1374 1763 1450 ἦ
1793 1402 1923 1434 συν-

329 1465 614 1541 οικήσασά
655 1491 718 1525 τε
756 1465 1060 1543 Ξανθίππῳ
1104 1468 1183 1543 τῷ
1220 1464 1555 1541 Ἀρίφρονος
1598 1462 1691 1524 καὶ
1731 1464 1925 1543 ἔγκυος

331 1556 504 1611 ἐοῦσα
530 1552 638 1611 εἶδε
665 1550 794 1630 οψιν
821 1556 878 1611 ἐν
902 1555 980 1631 τῷ
1003 1551 1173 1631 ὕπνῳ·
1202 1550 1385 1611 ἐδόκεε
1410 1552 1469 1611 δε
1494 1551 1699 1613 λέοντα
1724 1554 1923 1611 τεκεῖν·

332 1638 424 1697 καὶ
448 1636 568 1713 μετ’
581 1637 851 1720 ὄλίγας’
814 1640 1023 1717 ημέρας
1047 1639 1221 1701 τίκτει
1246 1640 1531 1717 Περικλέα
1554 1637 1879 1717 Ξανθίππω.

413 1724 578 1785 Meni
601 1724 659 1785 δὲ
682 1725 750 1786 *ro*
777 1730 835 1786 ἐν
854 1728 1164 1804 Μαραθωνι
1180 1729 1376 1804 τρῶμα
1398 1727 1713 1806 γενόμενον,
1731 1730 1882 1785 Μιλ·
1903 1728 2046 1792 132·

329 1812 520 1888 τιάδης
567 1840 658 1873 και
697 1814 968 1891 πρότερον
1012 1812 1340 1891 εὐδοκιμέων
1380 1839 1534 1891 παρα
1575 1813 1928 1889 Ἀθηναίοισι

329 1899 457 1961 τότε
496 1904 724 1979 μᾶλλον
755 1900 972 1971 αὔξετο·
1013 1904 1251 1976 αἶτῆσας
1278 1898 1339 1961 δὲ
1374 1902 1500 1965 νέας
1540 1901 1927 1978 ἑβδομήκοντα

334 1988 426 2047 καὶ
467 1986 739 2067 στρατιήν
777 2013 840 2050 τε
883 1987 977 2047 καὶ
1017 1988 1282 2067 χρήματα
1314 2014 1445 2053 τους
1481 1986 1823 2067 Ἀθηναίους,
1860 1988 1927 2049 οὖ

334 2074 559 2154 φράσας
612 2082 725 2152 σφι
771 2074 856 2135 ἐπ’
901 2074 972 2151 ἣν
1017 2075 1469 2153 ἐπιστρατευεται
1520 2077 1725 2157 χώρην,
1772 2075 1928 2136 ἄλλα

334 2164 446 2238 φας
481 2162 679 2226 αὐτοῦς
723 2166 1153 2224 καταπλουτιεῖν
1186 2162 1257 2239 ἦν
1292 2190 1346 2223 οι
1390 2164 1644 2225 ἕπωνται·
1686 2166 1780 2223 ἐπὶ
1814 2190 1926 2245 γαρ

333 2250 518 2328 χώρην
547 2248 807 2324 τοιαύτην
834 2249 904 2325 δή
926 2275 1052 2311 τινα
1077 2250 1227 2321 ἄξειν
1254 2251 1383 2313 ὅθα
1406 2252 1624 2330 χρυσόν
1664 2250 1928 2315 εὐπετέως

335 2336 587 2411 ἄφθονον
628 2337 897 2397 οἴσονται·
939 2339 1119 2419 λέγων
1158 2342 1409 2409 τοιαῦτα,
1452 2339 1600 2399 αἴτεε
1638 2337 1741 2401 τὰς
1780 2340 1926 2403 νέας·

331 2421 622 2499 Ἀθηναῖοι
647 2423 707 2483 δὲ
724 2422 976 2486 τούτοισι
1002 2426 1327 2503 ἐπαρθέντες
1350 2425 1689 2502 παρέδοσαν.
1768 2430 1887 2485 Πα-
1906 2429 2020 2485 133

333 2510 608 2588 ραλαβῶν
647 2511 708 2571 δὲ
747 2510 779 2573 ὅ
816 2513 1131 2589 Μιλτιάδης
1170 2512 1274 2589 τήν
1316 2513 1587 2589 στρατιὴν
1628 2513 1793 2572 ἔπλεε
1834 2516 1927 2573 ἐπὶ

337 2598 548 2675 Πάρον,
575 2600 868 2679 πρόφασιν
901 2603 1041 2681 ἔχων
1081 2600 1153 2665 ὥς
1192 2604 1247 2661 οἱ
1272 2599 1481 2677 Πάριοι
1506 2599 1759 2676 ὑπῆρξαν
1791 2600 1927 2677 πρό-

335 2712 485 2761 τεροι
527 2688 958 2767 στρατευόμενοι
999 2688 1213 2765 τριήρεϊ
1248 2693 1304 2751 ἐς
1344 2688 1667 2764 Μαραθῶνα
1701 2686 1819 2765 ἅμα
1852 2692 1929 2766 τῷ

340 2775 558 2855 Πέρσῃ.
642 2778 827 2857 (τοῦτο
862 2779 966 2853 μὲν
1005 2776 1074 2852 δή
1114 2775 1425 2853 πρόσχημα
1456 2772 1633 2855 λόγου
1656 2774 1745 2850 ἦν·
1786 2774 1927 2851 ἀτάρ

338 2888 459 2920 τινα
487 2863 578 2922 καὶ
604 2865 833 2945 ἔγκοτον
857 2864 974 2943 εἶχε
996 2868 1151 2923 τοῖσι
1176 2861 1447 2939 Παρίοισι
1476 2861 1567 2921 διοὶ
1591 2861 1929 2943 Λυσαγόρεα

337 2950 434 3009 τὸν
476 2952 696 3024 Τισίεω,
747 2952 908 3012 ἐόντα
951 2952 1111 3033 γένος
1156 2948 1391 3027 Πάριον,
1440 2947 1789 3025 διαβαλόντα
1834 2974 1932 3025 μιν

337 3038 477 3114 πρὸς
500 3038 770 3117 Ὑδάρνεα
801 3039 902 3100 τᾶν
926 3040 1205 3118 Πέρσην.)
1288 3036 1621 3113 ἀπικόμενος
1650 3036 1711 3097 δὲ
1742 3041 1797 3100 ἐς
1826 3036 1929 3113 τὴν

339 3125 505 3184 ἔπλεε
535 3126 568 3187 ὅ
595 3122 910 3203 Μιλτιάδης
944 3130 1016 3204 τῇ
1049 3129 1288 3203 στρατιῇ
1316 3124 1638 3200 ἐπολιόρκεε
1664 3124 1927 3202 Παρίους,

341 3214 766 3289 κατειλημένους
797 3213 948 3275 ἐντὸς
986 3214 1215 3288 τείχεος·
1260 3210 1351 3269 καὶ
1378 3212 1679 3285 ἐσπέμπων
1719 3212 1931 3288 κήρυκα
