2192 3409
302 105 581 172 ιιι-113]
920 109 1295 160 ΚΑΛΛΙΟΠΗ.
1581 143 1587 150 .
1794 115 1889 161 335

297 189 406 244 τῶν
445 185 636 248 ἄλλων
672 191 782 248 τόῖν
816 189 1162 263 περιοικίδων
1202 189 1294 247 καὶ
1326 189 1395 266 δὴ
1426 189 1518 250 καὶ
1551 195 1612 250 ἐκ
1646 191 1891 268 Καρδίης

291 275 495 340 ’πόλιος
528 276 826 352 Οἰόβαζος,
859 276 999 353 οἷνῆρ
1029 278 1275 354 Πέρσης,
1304 277 1365 340 ὃς
1390 278 1461 338 τοὶ
1488 282 1549 337 ἐκ
1579 282 1689 338 τῶν
1719 285 1889 359 γεφυ-

293 365 433 442 ρέων
471 363 624 424 ὅπλα
665 367 900 422 ἐνθαῦτα
929 365 999 439 ἦν
1037 364 1354 442 κεκομικώς·
1405 366 1557 444 εἶχον
1592 366 1651 424 δὲ
1686 365 1889 441 ταύτην

295 451 581 530 ἐπιχώριοι
613 452 856 519 Αἰολέες,
891 456 1149 526 συνῆσαν
1185 453 1244 512 δὲ
1279 455 1501 529 Πέρσαι
1542 480 1605 513 τε
1646 454 1739 512 καὶ
1780 458 1888 513 τῶν

290 537 485 598 ,ἄλλων
516 538 830 618 συμμάχων
864 541 1072 619 συχνὸς
1105 541 1319 618 ὅμιλος.
1399 540 1754 620 Ἐτυράννευε
1789 542 1847 601 δὲ
1870 543 1981 600 116

290 625 491 686 τούτου
514 630 616 687 τοῦ
651 631 824 703 νομοῦ
850 629 1066 706 Ξέρξεω
1090 629 1341 709 ὕπαρχος
1364 629 1719 707 Ἀρταΰκτης,
1746 629 1886 707 α’,νήρ

289 715 396 790 μὲν
420 716 668 793 Πέρσης,
696 715 872 792 δεινᾷς
905 717 964 776 δὲ
1001 718 1094 776 καὶ
1119 717 1463 781 ἀτάσθαλος·
1507 718 1568 782 ὃς
1593 720 1685 777 καὶ
1710 720 1880 795 βασι·

289 802 398 862 λέα
451 804 752 865 ἐλαύνοντα
799 803 882 864 ἐπ’
934 804 1177 881 Ἀθήνας
1222 805 1556 882 ἐξηπάτησε,
1600 808 1672 867 τσῖ
1708 813 1885 884 ’Πρω-

288 891 526 951 τεσίλεω
562 895 662 951 τοῦ
688 892 946 967 Ἰφίκλου
970 893 1236 971 χρήματα
1267 893 1331 961 ἐξ
1360 892 1716 957 Ἐλαιοῦντος
1750 895 1885 970 ὖφε-

289 976 546 1052 λόμενος·
603 985 660 1038 ἐν
701 980 811 1058 -γοὶρ
853 979 1171 1039 Ἐλαιοῦντι
1199 985 1301 1055 τῆς
1344 980 1715 1056 Χερσονήσου
1758 983 1882 1042 ἐστὶ

291 1067 664 1140 Πρωτεσίλεω
697 1067 879 1142 τάφος
907 1092 970 1126 τε
1003 1069 1096 1127 καὶ
1127 1069 1353 1146 τέμενος
1385 1069 1512 1146 περὶ
1544 1069 1724 1142 αὐτὸν,
1755 1070 1884 1129 ἔνθα

290 1151 359 1227 ἦν
384 1153 648 1231 χρήματα
671 1153 882 1224 πολλὰ,
904 1156 995 1214 καὶ
1015 1155 1479 1236 φιάλαιχρύσεαι
1494 1158 1585 1216 καὶ
1604 1156 1883 1238 ἀργύρεαι,

291 1242 384 1299 καὶ
423 1241 653 1320 χαλκὸς,
699 1243 789 1300 καὶ
843 1241 1030 1318 ἐσθὴς,
1075 1245 1169 1303 καὶ
1214 1244 1369 1302 ἄλλα
1410 1243 1755 1322 ἀναθήματα,
1807 1246 1879 1306 vd

288 1328 627 1406 Ἀρταΰκτης
678 1329 944 1406 ἐσύλησε,
984 1333 1264 1407 βασιλέος
1316 1332 1527 1396 δόντος·
1592 1334 1771 1412 λέγων
1822 1333 1883 1394 δὲ
1947 1352 1955 1362 ”

287 1417 474 1476 τοιάδε
503 1419 710 1495 Ξέρξεα
742 1417 1061 1493 διεβάλετο·
1105 1430 1140 1456 “
1158 1419 1421 1492 δέσποτα,
1460 1421 1583 1480 ἔστι
1618 1420 1766 1483 οἶκος
1791 1421 1881 1481 οἶν-

289 1505 417 1580 δρὸς
431 1503 713 1582 Ἕλληνος
739 1508 992 1578 ἐνθαῦτα,
1019 1507 1080 1570 ὃς
1106 1508 1198 1566 ἐπὶ
1222 1511 1333 1588 γῆν
1358 1507 1459 1582 τὴν
1486 1509 1597 1584 σήν
1621 1533 1881 1584 στρατευ-

288 1592 546 1668 σιίμενος,
574 1595 725 1670 δίκης
753 1593 998 1670 κυρήσας
1015 1595 1277 1656 ἀπέθανε·
1318 1595 1517 1655 τούτου
1540 1621 1640 1672 μοι
1666 1595 1763 1658 δὸς
1785 1596 1883 1669 τὸν

289 1680 456 1751 οἶκον,
501 1683 590 1741 ἵνα
629 1683 727 1741 καί
757 1708 840 1744 τις
875 1683 1028 1762 μάθῃ
1065 1684 1157 1743 ἐπὶ
1188 1689 1296 1761 γῆν
1328 1684 1430 1760 τήν
1462 1683 1575 1760 σήν
1604 1684 1685 1761 μή
1711 1709 1880 1762 στρα-

287 1768 597 1830 τεύεσθαι·”
625 1774 800 1850 ταῦτα
825 1772 1022 1852 λέγων,
1051 1771 1315 1835 εὐπετέως
1340 1773 1543 1848 ἔμελλε
1562 1771 1883 1832 ἀναπείσειν

287 1857 496 1930 Ξέρξεα
521 1859 710 1920 δοῦναι
734 1857 934 1936 οἷνδρός
959 1859 1127 1930 οἶκον,
1156 1859 1313 1921 οὐδὲν
1334 1860 1757 1938 ὖποτοπηθέντα
1772 1864 1883 1922 τῶν

287 1947 492 2009 ἐκεῖνος
517 1947 766 2024 ἐφρόνεε·
801 1950 891 2007 ἐπὶ
915 1953 1024 2030 γῆν
1051 1949 1112 2008 δὲ
1129 1949 1233 2025 τὴν
1250 1950 1530 2042 βασιλῲς
1548 1948 1883 2026 στρατεύεσ-

287 2033 382 2092 θαι
424 2037 826 2112 Πρωτεσιλεων
865 2037 1039 2118 ἔλεγε,
1079 2037 1247 2096 νοέων
1284 2037 1488 2096 τοιάδε·
1540 2036 1644 2113 τὴν
1680 2037 1883 2112 Ἀσίην

285 2125 480 2183 πᾶσαν
510 2126 800 2202 νομίζουσι
835 2128 1045 2184 ἑωυτῶν
1079 2123 1217 2182 εἶναι
1249 2125 1491 2201 Πέρσαι,
1519 2126 1613 2183 καὶ
1641 2130 1743 2184 τοῦ
1773 2126 1881 2184 αἰεὶ

284 2209 710 2283 βασιλεύοντος·
754 2211 872 2268 ἐπεὶ
904 2210 962 2267 δὲ
999 2211 1165 2286 ἐδόθη
1197 2210 1269 2270 ni
1304 2211 1583 2288 χρήματα,
1612 2213 1675 2281 ἐξ
1695 2211 1885 2270 Ἐλαι-

287 2299 479 2358 οῦντος
507 2303 562 2358 ἐς
588 2296 814 2371 Σηστόν
840 2295 1165 2370 ἐξεφόρησε,
1196 2297 1287 2354 καὶ
1312 2297 1377 2357 vd
1401 2299 1625 2373 τέμενος
1661 2299 1883 2375 ἔσπειρε

289 2383 378 2440 καὶ
414 2385 656 2459 ἐνέμετο·
697 2381 866 2445 αὐτός
897 2407 960 2442 τε
995 2382 1135 2445 ὅκως
1170 2381 1425 2443 ἀπίκοιτο
1453 2390 1509 2448 ἐς
1532 2384 1879 2457 Ἐλαιοῦντα,
1926 2451 1931 2454 ,

289 2475 345 2528 ἐν
370 2475 448 2550 τῷ
471 2470 652 2549 ἀδύτῳ
674 2470 892 2552 γυναιξὶ
918 2470 1205 2551 ἐμίσγετο.
1271 2471 1400 2535 τότε
1420 2473 1479 2530 δὲ
1494 2475 1882 2549 ἐπολιορκέετο

287 2558 395 2618 ὖπό
422 2557 740 2634 Ἀθηναίων,
771 2556 898 2618 οὔτε
922 2561 1449 2636 παρεσκευασμένος
1474 2563 1531 2622 ἐς
1556 2562 1881 2636 πολιορκίην

287 2645 414 2706 οὔτε
454 2645 900 2724 προσδεκόμενος
941 2647 1072 2710 τούς
1102 2646 1409 2724 Ἕλληνας·
1472 2647 1775 2728 ἀφυλάκτῳ
1823 2649 1884 2707 δέ

287 2761 391 2798 κως
411 2734 556 2814 αὐτῷ
571 2735 864 2795 ἐπέπεσον.
922 2733 1084 2794 Ἐπεὶ
1106 2736 1165 2794 δὲ
1190 2737 1717 2814 πολιορκεομένοισί
1732 2743 1843 2812 σφι
1862 2737 1975 2798 117

288 2822 642 2900 φθινόπωρον
683 2824 980 2904 ἐπεγίνετο,
1027 2825 1119 2882 καὶ
1159 2823 1461 2903 ἤσχαλλον
1504 2828 1557 2884 οἱ
1598 2823 1884 2901 Ἀθηναῖοι

287 2910 400 2969 οἷπὸ
433 2937 494 2970 τε
529 2914 628 2985 τῆς
666 2914 873 2970 ἑωυτῶν
907 2911 1314 2986 ἀποδημέοντες
1355 2915 1445 2972 καὶ
1488 2913 1553 2974 οὗ
1596 2912 1884 2989 δυνάμενοι

289 2999 497 3068 ἐξελεῖν
537 2998 602 3058 τό
643 3002 843 3080 vetus,
882 2999 1100 3059 ἐδέοντό
1139 3025 1201 3058 τε
1241 3005 1351 3060 τῶν
1380 3005 1711 3082 στρατηγῶν
1747 3000 1883 3065 ὅκως

288 3086 556 3168 ἀπάγοιέν
598 3094 781 3163 σφεας
818 3087 1016 3158 ὀπίσω,
1062 3092 1117 3147 οἱ
1160 3088 1221 3147 δὲ
1263 3088 1363 3150 οὐκ
1404 3092 1642 3166 ἔφασαν,
1676 3089 1809 3166 πρὶν
1846 3087 1885 3166 ἢ

289 3176 524 3243 ἐξέλωσι
547 3174 583 3251 ἢ
607 3175 674 3236 τὸ
697 3174 1004 3252 Ἀθηναίων
1029 3177 1214 3239 κοινόν
1233 3183 1419 3254 σφεας
1434 3178 1883 3256 μεταπέμψηται·

289 3260 430 3321 οὕτω
454 3263 524 3340 δὴ
545 3264 810 3346 ἔστεργον
833 3264 905 3326 ταῖ
932 3264 1228 3345 παρεόντα.
1314 3269 1387 3326 Οἱ
1414 3264 1459 3326 δ’
1486 3271 1546 3326 ἐν
1572 3270 1651 3346 τῷ
1672 3266 1846 3344 τείχεϊ
1866 3265 1979 3323 118
2086 3313 2191 3384 Δ
