2192 3409
695 429 1397 503 ‘HPOAOTOY

580 564 1090 639 ἸΣΤΟΡΙΩΝ
1161 569 1482 640 'EKTH.

941 732 1141 759 -4—

905 844 1173 897 ΕΡΑΤΩ.

369 950 922 1016 ἈΡΙΣΤΑΓΟΡΗΣ
950 952 1055 1030 μέν
1075 978 1172 1012 νυν
1190 952 1401 1027 Ἰωνίην
1424 949 1774 1027 ἀποστήσας,
1796 950 1885 1011 οὗ·

290 1066 368 1099 τω
403 1043 654 1119 τελευτᾷ.
736 1037 1001 1103 Ἱστιαῖος
1037 1039 1096 1098 δὲ
1131 1038 1163 1099 ό
1197 1037 1461 1115 Μιλήτου
1493 1038 1755 1117 τύραννος
1788 1064 1885 1114 με·

288 1130 580 1208 μετιμένος
620 1125 728 1186 ivd
768 1126 1007 1203 Δαρείου
1043 1128 1229 1203 παρῆν
1267 1132 1320 1191 ἐς
1352 1126 1565 1203 Σάρδις.
1650 1124 1881 1206 ἀπιγμέ-

291 1241 388 1276 νον
423 1216 482 1277 δὲ
520 1214 688 1276 αὐτόν
723 1219 784 1275 έκ
821 1218 930 1274 τῶν
960 1214 1191 1279 Σούσων
1233 1214 1409 1290 εἴρετο
1433 1213 1815 1291 Ἀρταφέρνης
1850 1213 1882 1272 ὁ

293 1304 598 1382 Σαρδίων”’
567 1329 832 1382 υπαρχος,
863 1329 1004 1363 κατα
1033 1301 1186 1362 κοῖόν
1226 1328 1282 1363 τι
1322 1300 1503 1361 δοκέοι
1529 1300 1720 1365 Ἴωνας
1751 1300 1878 1361 ἀπε-

295 1417 532 1461 σταναι;
575 1390 608 1451 ό
653 1392 711 1449 δὲ
757 1389 882 1450 οὔτε
928 1390 1126 1449 εἰδέναι
1167 1391 1279 1466 ἔφη
1315 1388 1562 1465 ἐθώμαζέ
1593 1414 1655 1448 τε
1694 1389 1758 1449 τὸ
1793 1416 1882 1471 γε·

291 1504 469 1557 γονος,
519 1478 589 1541 ὥς
633 1477 790 1536 ουδὲν
832 1477 996 1552 δῆθεν
1037 1482 1147 1537 τῶν
1191 1476 1505 1555 παρεόντων
1547 1477 1883 1556 πρηγμάτων

293 1564 680 1641 ἐπιστάμενος·
724 1562 756 1623 ό
785 1563 844 1621 δὲ
867 1562 1249 1641 Ἀρταφέρνης
1278 1563 1447 1640 ορέων
1486 1562 1655 1622 αυτόν
1680 1563 1881 1643 τεχνά-

293 1652 474 1721 ζοντα,
505 1651 656 1723 εἶπε,
705 1649 856 1712 εἰδώς
901 1649 1003 1725 τήν
1056 1649 1311 1727 οἶτρεκίην
1362 1655 1463 1726 τῆς
1514 1638 1881 1714 ἀποστάσιος·

293 1749 328 1774 “
347 1738 486 1797 οὕτω
525 1764 631 1807 τοι,
657 1737 962 1807 Ιστιαῖε,”
935 1763 1048 1817 εχει
1088 1764 1231 1797 κατα
1268 1744 1442 1797 ταῦτα
1465 1738 1537 1798 τοὶ
1562 1736 1879 1818 πρήγματα·

289 1831 456 1885 τοῦτο
498 1825 564 1886 τό
606 1824 868 1902 υπόδημα
911 1826 1153 1905 ἔρραψας
1191 1828 1295 1903 μὲν
1336 1852 1427 1895 συ,
1466 1823 1783 1937 ὑπεδήσατο
1823 1826 1885 1885 δὲ

223 1918 258 1971 2
285 1913 712 1994 Ἀρισταγόρης.
713 1911 744 1931 ”
837 1911 1219 1990 Ἀρταφέρνης
1274 1940 1379 1992 μεν
1434 1917 1609 1973 ταῦτα
1671 1918 1724 1977 ἐς
1780 1914 1883 1989 τὴν

293 2000 612 2060 ἀπόστασιν
654 2002 852 2079 ἔχοντα
892 1999 1029 2059 εἶπε·
1068 2000 1333 2065 Ἱστιαῖος
1359 2002 1417 2061 δὲ
1444 2000 1699 2065 δείσας
1658 2027 1727 2063 ως
1752 2028 1879 2061 συν-

293 2088 442 2147 ιέντα
486 2086 884 2166 Ἀρταφέρνεα,
933 2088 1041 2148 ovd
1096 2088 1201 2165 τήν
1253 2088 1476 2166 πρώτην
1530 2090 1883 2149 ἐπελθοῦσαν

291 2174 460 2234 νύκτα
501 2174 714 2253 ἀπέδρη
752 2174 844 2235 ἐπὶ
886 2175 1205 2247 θάλασσαν,
1232 2177 1486 2253 βασιλέα
1527 2179 1765 2252 Δαρεῖον
1799 2178 1882 2247 ἐξ·

289 2259 602 2340 ηπατηκῶς·
643 2262 707 2327 ὃς
732 2262 928 2341 Σαρδώ
967 2268 1143 2341 νῆσον
1178 2263 1281 2340 τὴν
1313 2267 1588 2344 μεγίστην
1619 2263 1883 2333 ὑποδεξά-

287 2377 453 2427 μενος
484 2350 960 2435 κατεργάσασθαι,
989 2351 1219 2412 ὑπέδυνε
1259 2355 1367 2413 τῶν
1392 2350 1587 2411 Ἰώνων
1624 2352 1728 2426 τήν
1756 2351 1884 2432 ἤγε-

288 2440 484 2516 μονίην
525 2444 625 2499 τοῦ
667 2439 809 2517 πρός
851 2444 1092 2517 Δαρεῖον
1134 2440 1407 2516 πολέμου.
1490 2438 1693 2514 διαβὰς
1733 2439 1790 2497 δὲ
1831 2444 1885 2501 ἐς

289 2527 428 2587 Χίον
484 2526 644 2602 ἐδέθη
682 2526 793 2587 ὖπὸ
843 2527 1010 2597 Χίων,
1066 2526 1475 2607 καταγνωσθεὶς
1517 2524 1658 2603 πρός
1710 2525 1888 2585 αὐτῶν

290 2612 524 2691 νεώτερα
551 2612 832 2722 πρήσσειν
859 2613 1164 2695 πρήγματα
1194 2618 1247 2676 ἐς
1276 2613 1505 2677 έωυτούς
1540 2619 1599 2673 ἐκ
1628 2614 1886 2690 Δαρείου·

289 2698 563 2776 μαθόντες
588 2702 781 2776 μέντοι
809 2702 863 2760 οἱ
889 2704 1022 2759 Χῖοι
1046 2699 1148 2761 τόν
1174 2699 1357 2761 πάντα
1393 2700 1583 2780 λόγον,
1616 2699 1686 2763 ὥς
1721 2701 1887 2759 πολέ-

223 2790 258 2845 3
285 2812 412 2863 μιος
439 2786 523 2862 εἴη
550 2786 808 2863 βασιλέϊ,
837 2789 1045 2848 ἔλυσαν
1071 2787 1260 2849 αὐτόν.
1341 2786 1619 2847 Ἐνθαΰτα
1648 2788 1715 2866 δὴ
1744 2792 1889 2865 εἰρω-

291 2874 580 2984 retbpevoeq
595 2872 717 2933 ὕπο
741 2901 850 2936 των
873 2874 1071 2936 Ἰώνων
1104 2903 1135 2935 ο
1159 2875 1441 2946 Ἱστιαῖος,
1472 2875 1588 2935 κατ’
1617 2876 1649 2936 ὅ
1674 2902 1729 2935 τι
1756 2901 1890 2951 προ-

298 2961 480 3038 θύμως
517 2962 658 3020 οὕτω
696 2964 988 3020 ἐπέστειλε
1028 2966 1105 3041 τῷ
1127 2962 1509 3041 Ἀρισταγόρῃ
1538 2962 1891 3022 ἀπίστασθαι

291 3048 403 3105 «ivd
439 3050 736 3123 βασιλέος,
766 3049 857 3105 καὶ
895 3047 1063 3106 κακόν
1104 3051 1377 3107 τοσοῦτον
1420 3050 1503 3124 εἴη
1519 3048 1714 3111 Ἴωνας
1747 3049 1891 3126 ε’ξερ-

294 3133 612 3210 γασμένος;
667 3133 770 3206 τὴν
817 3136 918 3206 μὲν
962 3134 1265 3211 γενομένην
1318 3132 1539 3193 αὐτοῖσι
1592 3136 1771 3210 αἰτίην
1825 3135 1892 3193 οὗ

294 3215 454 3292 μάλα
483 3216 751 3287 ἐξέφαινε,
779 3218 810 3275 ὁ
839 3218 895 3274 δὲ
925 3218 1082 3294 ἔλεγέ
1110 3225 1237 3291 σφι,
1268 3216 1337 3279 ὥς
1362 3219 1639 3291 βασιλευς
1658 3222 1895 3295 Δαρεῖος
