2192 3409
295 50 388 99 168
899 60 1270 109 ἨΡΟΔΟΤΟΤ
1730 60 1890 126 [VII.

297 136 400 198 τᾶν
439 140 717 216 Θερμαῖον
759 136 972 201 κόλπον
1025 140 1229 221 ἐγίνετο
1274 142 1353 219 τῷ
1402 144 1632 219 ναυτικῷ
1679 148 1905 223 στρατῷ

300 228 334 287 ὅ
360 228 538 291 πλόος
577 228 669 287 καὶ
698 232 807 309 γῆν
829 227 934 304 τὴν
960 228 1303 308 Μυγδονίην·
1346 228 1533 288 πλέων
1566 228 1629 287 ’δὲ
1670 228 1905 290 ἀπίκετο

303 318 354 381 ἔς
380 344 441 377 τε
465 316 570 393 τήν
605 316 1008 395 προειρημένην
1035 316 1259 393 Θέρμην
1298 316 1389 375 καὶ
1418 315 1615 379 Σινδόν
1644 343 1708 377 τε
1734 317 1906 378 πόλιν

301 404 394 463 καὶ
419 405 776 480 Χαλέστρην,
803 405 896 463 ἐπὶ
933 403 1032 463 τὸν
1071 402 1264 473 Ἀξιόν
1292 403 1565 480 ποταμόν·
1608 403 1670 469 ὃς
1696 404 1904 483 οὐρίζει

299 492 488 571 χώρην
511 491 616 567 τήν
640 491 963 578 Μυγδονίην
986 517 1049 553 τε
1077 492 1172 552 καὶ
1196 490 1547 561 Βοττιαιίδα,
1561 495 1661 567 τῆς
1702 493 1901 571 ἔχουσι

299 581 367 640 τὰ
393 579 546 657 παρὰ
579 582 881 639 θάλασσαν
911 578 1136 639 στεινόν
1174 580 1379 659 χωρίον
1416 579 1585 643 πόλις
1617 578 1801 656 Ἴχναι
1844 606 1907 640 τε

307 667 400 725 καὶ
429 666 656 725 Πέλλα.

210 756 326 813 124
423 753 492 813 ‘O
527 756 632 833 μὲν
665 754 732 828 δή
765 750 1018 817 ναυτικὸς
1055 753 1316 831 στρατός,
1332 752 1523 827 ,αὐτοῦ
1555 754 1684 831 περὶ
1717 752 1910 824 Ἀξιὸν

304 842 558 920 ποταμόν
603 842 696 901 καὶ
740 840 911 903 πόλιν
951 843 1177 919 Θέρμην
1215 842 1312 903 καὶ
1349 841 1452 905 τὰς
1488 841 1699 919 μεταξῦ
1740 842 1909 905 πόλις

302 931 552 1004 τουτέων,
581 930 886 1008 περιμένων
909 931 1181 1006 βασιλέα,
1211 928 1729 1007 ἐστρατοπεδεύετο.
1773 931 1907 1008 Ξέρ-

301 1017 402 1093 ξης
456 1018 514 1079 δὲ
567 1018 661 1079 καὶ
714 1016 748 1079 ὁ
811 1018 976 1089 πεζός
1037 1017 1281 1096 στρατός
1346 1017 1639 1095 ἐπορεύετο
1695 1022 1756 1078 ἐκ
1806 1022 1907 1093 τῆς

304 1104 598 1177 Ἀκάνθου,
629 1106 735 1183 τήν
775 1104 1089 1187 μεσόγαιαν
1124 1104 1345 1183 τάμνων
1378 1110 1481 1182 τῆς
1516 1104 1665 1176 ὁδοῦ,
1698 1107 1906 1183 βουλό-

301 1220 472 1271 μενος
513 1200 567 1260 ἐς
605 1194 709 1271 τὴν
751 1194 975 1271 Θέρμην
1001 1192 1342 1267 ἀπικέσθαι·
1384 1191 1677 1271 ἐπορεύετο
1720 1194 1780 1253 δὲ
1818 1194 1909 1253 διὰ

303 1287 407 1359 τῆς
432 1288 739 1359 Παιονικῆς
765 1281 858 1341 καὶ
884 1285 1285 1358 Κρηστωνικῆς
1312 1283 1405 1362 ἐπὶ
1438 1280 1705 1359 ποταμόν
1730 1280 1908 1359 Ἐχεί-

307 1372 500 1450 δωρον,
551 1371 614 1435 ὃς
676 1376 736 1433 ἐκ
799 1371 1212 1449 Κρηστωναίων
1272 1368 1591 1447 ἀρξάμενος,
1646 1370 1759 1445 ῥέει
1818 1370 1909 1430 δια

309 1460 627 1541 Μυγδονίης
669 1458 867 1539 χῷρης,
897 1458 1012 1518 καὶ
1059 1457 1190 1527 ἐξίει
1234 1482 1387 1534 παρα
1432 1484 1500 1517 το
1545 1458 1671 1522 ἕλος
1713 1484 1777 1517 το
1825 1456 1908 1516 ἐπ’

216 1550 246 1606 1
259 1549 332 1605 25
350 1544 516 1625 Ἀξίῳ
555 1550 808 1625 ποταμῷ·
858 1540 1227 1635 Πορευομένῳ
1268 1545 1327 1605 δὲ
1365 1573 1429 1606 τσ
1444 1546 1555 1625 ὗτῃ,
1596 1546 1817 1609 λέοντές
1856 1549 1911 1605 οἶ

312 1633 651 1708 ἐπεθήκαντο
685 1636 824 1711 τῇσι
860 1628 1227 1710 σιτοφόροισι
1269 1633 1603 1711 καμήλοισι·
1647 1638 1911 1709 καταφοι-

309 1720 525 1783 τέοντες
569 1718 676 1799 γὰρ
725 1722 779 1779 οἱ
827 1721 1048 1801 λέοντες
1088 1720 1189 1783 τὰς
1233 1719 1445 1791 νύκτας,
1496 1722 1587 1781 καὶ
1628 1722 1913 1785 λείποντες

309 1808 382 1867 τοὶ
415 1808 670 1885 σφέτερα
701 1807 858 1883 ἤθεα,
891 1805 1076 1868 ἄλλου
1110 1810 1213 1885 μὲν
1252 1806 1471 1872 οὖδενός
1502 1808 1750 1871 ἅπτοντο
1788 1808 1912 1869 οὔτε

307 1892 622 1975 ὕποζυγίου
645 1894 772 1955 οὔτε
808 1887 1118 1971 ἀνθρώπου,
1154 1900 1209 1955 οἱ
1244 1896 1303 1955 δὲ
1336 1894 1436 1965 τὰς
1478 1896 1762 1973 καμήλους
1802 1902 1911 1957 ἐκε-

311 1983 503 2061 ράῐζον
527 1982 753 2059 μούνας.
837 1984 1072 2061 θωμάζω
1108 1984 1167 2043 δὲ
1200 1983 1267 2044 τὰ
1298 1984 1475 2047 αἴτιον
1512 1984 1544 2045 ὅ
1574 2011 1631 2047 τι
1656 1978 1793 2047 ’κοτὲ
1826 1984 1913 2062 ἦν,

312 2076 424 2131 τῶν
447 2070 640 2131 ἄλλων
661 2070 728 2132 τὰ
763 2070 1074 2154 ἀναγκάζον
1110 2072 1489 2153 ἀπεχομένους
1522 2073 1653 2138 τούς
1684 2074 1916 2137 λέοντας

311 2165 451 2239 τῇσι
509 2158 820 2237 καμήλοισι
879 2161 1252 2224 ἐπιτίθεσθαι·
1318 2160 1385 2222 τό
1450 2161 1591 2238 μήτε
1642 2161 1916 2240 πρότερον

224 2252 338 2309 126
355 2248 658 2311 ὀπώπεσαν
701 2244 909 2329 θηρίον,
940 2248 1070 2328 μήτ’
1114 2250 1469 2328 ἐπεπειρέατο
1510 2249 1700 2311 αὐτοῦ.
1780 2250 1916 2309 Εἰσὶ

313 2338 376 2397 δὲ
419 2337 560 2400 κατὰ
601 2342 778 2399 ταῦτα
819 2337 892 2399 τὰ
934 2338 1112 2417 χωρία
1154 2338 1247 2396 καὶ
1285 2337 1509 2401 λέοντες
1550 2336 1777 2407 πολλοὶ,
1822 2337 1916 2395 καὶ

313 2427 454 2507 βόες
487 2426 673 2509 ἄγριοι
703 2430 824 2489 τῶνΙ
847 2425 936 2485 τοὶ
953 2426 1119 2503 κέρεα
1152 2422 1542 2530 ὗπερμεγάθεά
1578 2429 1719 2493 ἐστι,
1754 2424 1827 2483 τοὶ
1862 2429 1917 2486 ἐς

304 2512 594 2591 Ἕλληνας
621 2514 938 2591 φοιτέοντα.
1017 2510 1183 2597 ουρος
1216 2512 1276 2571 δὲ
1308 2514 1462 2572 τοῖσι
1494 2511 1700 2571 λέουσί
1728 2516 1854 2569 ἐστι
1885 2510 1919 2570 ὅ

313 2629 378 2663 ,τε
422 2602 488 2661 δι’
529 2602 825 2679 Ἀβδήρων
866 2601 1005 2677 ῥέων
1045 2600 1299 2676 ποταμὸς
1344 2599 1585 2669 Νέστος,
1634 2624 1727 2657 και
1768 2623 1800 2656 ο
1848 2596 1917 2657 δι’

315 2688 677 2764 Ἀκαρνανίης
707 2688 846 2765 ῥέων
878 2686 1187 2765 Ἀχελῷος·
1230 2687 1357 2748 οὔτε
1395 2711 1521 2792 γαρ·
1544 2712 1612 2763 το
1642 2710 1783 2761 προς
1815 2684 1921 2759 τήν

315 2774 401 2848 ἠῶ
451 2778 553 2833 τοῦ
605 2774 833 2833 Νέστου
885 2772 1159 2848 ουδαμόθι
1209 2798 1399 2849 πασης
1448 2776 1551 2848 τῆς
1602 2772 1922 2849 ἔμπροσθεν

319 2859 593 2936 Εὖρωπης
618 2860 727 2919 ἴδοι
750 2886 835 2922 τις
867 2856 936 2918 ἂν
968 2859 1190 2928 λέοντα,
1218 2858 1345 2945 οὔτε
1377 2885 1518 2935 προς
1548 2860 1791 2937 ἑσπέρης
1820 2863 1921 2919 τοῦ

318 2945 656 3025 Ἀχελῴου’
631 2972 689 3005 εν
713 2950 784 3023 τῇ
811 2945 1082 3022 ἐπιλοίπῳ
1106 2943 1339 3024 ηπείρῳ·
1364 2944 1505 3005 αλλ’
1530 2950 1591 3005 ἐν
1615 2950 1689 3022 τῇ
1712 2946 1920 3022 μεταξῦ

320 3056 530 3091 τουτων
553 3035 680 3091 τῶν
687 3034 953 3106 ποταμῶν
978 3031 1239 3110 γίνονται.

233 3117 348 3177 127
447 3116 543 3179 Ως
567 3116 628 3175 δὲ
660 3122 715 3178 ἐς
747 3116 852 3191 τήν
883 3116 1109 3193 Θέρμην
1141 3114 1372 3177 απίκετο
1405 3118 1437 3175 ὁ
1472 3117 1702 3194 Ξέρξης,
1730 3120 1923 3195 ἵδρυσε

327 3200 500 3260 αυτοῦ
545 3225 648 3272 την
690 3201 978 3277 στρατιήν·
1024 3202 1233 3280 ἐπέσχε
1276 3201 1338 3259 δὲ
1394 3201 1427 3261 ὁ
1468 3203 1713 3279 στρατὸς
1712 3198 1923 3265 αὐτοῦ
