2192 3409
308 112 593 177 114—119]
1005 112 1231 162 EPA'm.
1814 111 1907 164 107

305 191 516 253 πάθεος
547 188 766 266 ἤκουσα
799 188 1014 249 τοιόνδε
1037 188 1165 249 τινὰ
1191 186 1385 268 λόγον·
1426 186 1597 265 ἄνδρα
1623 190 1677 247 οἱ
1702 187 1910 249 δοκέειν

305 278 547 355 ὁπλίτην
573 276 898 352 ἀντιστῆναι
923 277 1103 355 μέγαν
1128 280 1229 335 τοῦ
1249 275 1315 335 τὰ
1342 275 1553 356 γένειον
1569 273 1674 350 τήν
1694 274 1909 334 ἀσπίδα

306 371 500 425 πᾶσαν
548 364 812 434 σκιάζειν,
855 364 919 423 τό
965 364 1025 422 δὲ
1081 364 1289 440 φάσμα
1338 366 1503 422 τοῦτο
1558 361 1756 421 ἐωυτόν
1806 365 1909 438 μὲν

304 453 686 528 παρεξελθεῖν,
713 450 813 511 τόν
847 451 904 509 δὲ
938 454 1139 511 ἑωυτοῦ
1176 449 1541 527 παραστάτην
1566 448 1906 509 ἀποκτεῖναι·

303 545 480 599 ταῦτα
507 542 611 615 μὲν
638 539 706 613 δή
732 538 1038 613 Ἐπίζηλον
1065 538 1351 614 ἐπυθόμην
1378 538 1581 617 λέγειν.

389 632 563 689 Δᾶτις
609 627 670 685 δὲ
711 626 1081 703 πορευόμενος
1124 625 1241 702 ἅμα
1282 629 1359 703 τῷ
1400 630 1624 704 στρατῷ
1666 630 1720 688 ἐς
1764 625 1867 702 τὴν
1890 628 2003 685 118

302 713 505 791 Ἀσίην
542 715 666 773 ἐπεί
692 740 752 773 τε
788 714 1004 794 ἐγένετο
1041 718 1103 774 ἐν
1138 713 1396 792 Μυκόνῳ,
1437 713 1545 773 εἶδε
1578 712 1709 791 ὄψιν
1743 719 1801 774 ἐν
1834 717 1910 793 τῷ

302 801 472 883 ὕπνῳ·
517 803 610 861 καὶ
646 800 768 877 ἥτις
802 804 907 878 μὲν
941 800 1011 878 ἦν
1042 800 1080 877 ἦ
1116 799 1260 879 ὄψις,
1288 800 1353 860 ού
1389 802 1632 883 λέγεται·
1675 801 1708 861 ὁ
1736 802 1811 873 δὲ,
1841 801 1911 865 ὥς

301 889 484 966 ἡμέρη
509 889 756 969 τάχιστα
777 890 1086 967 ἐπέλαμψε,
1108 888 1342 964 ζήτησιν
1362 890 1607 949 ἐποιέετο
1627 894 1735 949 τῶν
1754 893 1906 949 νεῶν·

305 974 476 1054 &pube
503 978 562 1036 δὲ
590 982 647 1037 ἐν
675 977 956 1054 Φοινίσσῃ
978 978 1068 1053 νηῒ
1087 975 1319 1056 ἄγαλμα
1336 976 1695 1039 ’Λπόλλωνος
1715 1003 1906 1055 κεχρυ-

305 1066 573 1141 σωμένον,
604 1064 938 1124 ἐπυνθάνετο
964 1064 1159 1124 ὁκόθεν
1186 1064 1575 1140 σεσυλημένον
1596 1065 1679 1140 εἴη
1690 1090 1707 1133 ;
1737 1064 1904 1124 πυθό-

301 1177 469 1227 μενος
489 1154 550 1211 δὲ
570 1154 632 1222 ἐξ
651 1150 716 1211 οὗ
743 1150 814 1227 ἦν
842 1155 978 1229 ἱροῦ,
1009 1153 1174 1211 ἔπλεε
1193 1155 1264 1229 τῇ
1286 1154 1486 1229 ἑωυτοῦ
1507 1151 1597 1225 νηῒ
1618 1156 1672 1213 ἐς
1694 1154 1905 1225 Δῆλον,

304 1240 396 1297 καὶ
428 1239 668 1299 ἀπίκατο
701 1238 812 1319 γὰρ
845 1243 1149 1314 τηνικαῦτα
1185 1241 1239 1298 οἱ
1278 1238 1485 1313 Δήλιοι
1512 1236 1693 1297 ὀπίσω
1722 1242 1776 1300 ἐς
1800 1238 1905 1314 τήν

303 1331 496 1401 νῆσον,
541 1328 898 1387 κατατίθεταί
931 1353 994 1385 τε
1035 1332 1091 1389 ἐς
1136 1326 1203 1386 τὰ
1248 1326 1367 1403 ῑρὸν
1418 1326 1485 1385 τὸ
1539 1323 1770 1406 ἄγαλμα
1812 1327 1905 1386 καὶ

303 1416 625 1475 ἐντέλλεται
657 1419 813 1475 τοῖσι
847 1415 1119 1489 Δηλίοισι
1148 1413 1461 1495 ἀπαγαγεῖν
1488 1412 1551 1472 τὸ
1590 1412 1820 1494 ἄγαλμα
1848 1420 1903 1477 ἐς

304 1502 520 1577 Δήλιον
538 1503 604 1563 τὸ
632 1502 916 1578 Θηβαίων·
956 1500 1023 1561 τὰ
1051 1501 1096 1561 δ’
1128 1502 1249 1561 ἔστι
1276 1504 1365 1559 ἐπὶ
1396 1501 1663 1580 θαλάσσῃ
1689 1498 1901 1561 Χαλκί-

301 1590 396 1653 δος
439 1591 746 1652 καταντίον.
831 1594 1005 1653 Δᾶτις
1045 1592 1149 1667 μὲν
1198 1590 1265 1665 δὴ
1305 1594 1481 1649 ταῦτα
1524 1589 1903 1665 ἐντειλάμενος

301 1676 567 1738 ἀπέπλεε.
648 1677 748 1738 τδν
775 1678 834 1737 δὲ
861 1676 1157 1753 ἀνδριάντα
1182 1681 1380 1737 τοῦτον
1406 1676 1613 1751 Δήλιοι
1636 1674 1735 1735 οὐκ
1760 1676 1898 1753 ἀπή-

299 1791 492 1846 γαγον,
531 1765 688 1825 ἀλλά
717 1791 814 1842 μιν
841 1763 908 1823 δι’
947 1765 1109 1825 ἐτέων
1143 1766 1320 1825 εἴκοσι
1354 1767 1603 1840 Θηβαῖοι
1642 1764 1801 1825 αὐτοὶ
1840 1771 1900 1825 ἐκ

303 1854 640 1930 θεοπροπίου
675 1854 1010 1930 ἐκομίσαντο
1046 1853 1139 1911 ἐπὶ
1174 1852 1401 1928 Δήλιον.
1488 1852 1629 1915 Τοῦς
1659 1852 1716 1910 δὲ
1750 1857 1858 1912 τῶν
1881 1855 1992 1912 119

299 1938 618 2018 Ἐρετριέων
659 1940 1202 2017 ἀνδραποδισμένους
1250 1940 1421 2003 Δᾶτίς
1462 1965 1525 2000 τε
1568 1940 1659 1999 καὶ
1703 1937 1899 2016 Ἀρτα-

301 2029 506 2105 φέρνης
537 2029 608 2093 ὥς
639 2030 970 2107 προσέσχον
1005 2033 1058 2090 ἐς
1096 2026 1201 2102 τὴν
1226 2026 1426 2104 Ἀσίην
1463 2028 1743 2097 πλέοντες,
1771 2026 1898 2103 οἰνή-

297 2142 476 2196 γαγον
530 2121 585 2180 ἐς
628 2117 840 2181 Σοῦσα·
898 2114 1177 2192 βασιλεῦς
1223 2115 1284 2175 δὲ
1328 2121 1580 2192 Δαρεῖος,
1628 2116 1756 2192 πρὶν
1794 2119 1898 2192 μὲν

300 2204 688 2281 αἰχμαλώτους
727 2204 990 2283 γενέσθαι
1029 2202 1158 2278 τοῦς
1196 2202 1523 2280 Ἐρετριέας,
1566 2206 1743 2281 ἐνεῖχέ
1786 2210 1898 2279 σφι

300 2290 478 2350 δεινόν
518 2291 712 2368 χόλον,
756 2290 848 2349 οἶα.
887 2289 1169 2368 ἀρξάντων
1210 2290 1278 2349 α’,δ
1338 2292 1423 2366 ίης
1468 2292 1747 2367 προτέρων
1788 2296 1899 2352 τῶν

297 2377 636 2453 Ἐρετριέων·
679 2378 803 2436 ἐπεί
832 2374 894 2437 τε
927 2378 986 2436 δὲ
1021 2377 1133 2437 εἶδέ
1168 2317 1351 2453 σφεὲς
1384 2376 1735 2454 ἀπαχθέντας
1767 2378 1895 2454 παρ’

300 2464 500 2524 ἑωυτόν
536 2466 628 2524 καὶ
654 2465 1001 2544 ὑποχειρίους
1029 2468 1207 2543 ἑωυτῷ
1234 2464 1436 2537 ἐόντας,
1469 2466 1698 2539 ἐποίησε
1727 2466 1896 2525 κακόν

298 2551 446 2612 ἄλλο
477 2552 648 2624 ουδὲν,
677 2553 832 2613 αλλά
869 2560 1052 2629 σφεας
1088 2558 1189 2628 τῆς
1223 2554 1471 2628 Κισσίης
1501 2579 1684 2630 χωρης
1718 2555 1894 2611 κατοί-

300 2667 423 2699 κισε
459 2641 516 2700 ἐν
555 2644 790 2719 σταθμῷ
827 2644 1026 2699 ἑωυτοῦ
1052 2645 1131 2717 τῷ
1158 2639 1364 2716 οὔνομ-ά
1404 2639 1525 2699 ἐστι
1550 2640 1892 2717 Ἀρδέρικκα,

297 2727 408 2787 απὸ
441 2732 544 2805 μὲν
570 2730 812 2793 Σούσων
845 2728 978 2787 δέκα
1013 2729 1107 2787 καὶ
1134 2728 1447 2803 διηκοσίους
1478 2727 1798 2792 σταδίους’
1764 2729 1894 2787 απέ-

294 2842 468 2893 χοντι,
485 2817 900 2892 τεσσεράκοντα
921 2816 979 2875 δὲ
997 2815 1111 2875 dm}
1131 2820 1232 2875 τοῦ
1254 2815 1495 2892 φρέατος
1508 2817 1574 2876 τὰ
1596 2817 1897 2895 παρέχεται

293 2905 600 2979 τριφασίας
644 2905 806 2967 ἰδέας·
864 2905 954 2963 καὶ
994 2904 1105 2984 γὰρ
1149 2904 1451 2981 ἄσφαλτον
1493 2906 1584 2963 καὶ
1624 2904 1764 2965 ἅλας
1807 2906 1899 2961 καὶ

296 2999 483 3058 ἔλαιον
512 2999 860 3075 ἀρύσσονται
889 2998 950 3068 ἐξ
975 2998 1146 3060 αὖτοῦ
1166 3000 1353 3078 τρόπῳ
1374 3000 1581 3075 τοιῷδε·
1611 2997 1897 3056 ἀντλέεται

295 3088 398 3161 μὲν
413 3088 711 3165 κηλωνηΐῳ·
747 3086 870 3145 ἀντὶ
889 3087 948 3145 δὲ
967 3092 1200 3167 γαυλοῦ,
1228 3088 1407 3164 ἥμισυ
1432 3085 1614 3145 ἀσκοῦ
1642 3088 1695 3143 οἱ
1720 3111 1893 3161 προσ-

297 3173 523 3231 δέδεται·
603 3174 890 3251 ὑποτύψας
943 3175 1004 3233 δὲ
1055 3174 1231 3252 τούτῳ
1286 3173 1505 3233 ἀντλέει
1558 3172 1649 3231 καὶ
1706 3173 1895 3232 ἔπειτα

297 3261 479 3341 ἐγχέει
519 3267 574 3324 ἐς
615 3259 932 3348 δεξαμενύι·
977 3266 1036 3319 ἐκ
1077 3260 1137 3318 δὲ
1172 3261 1374 3337 ταύτης
1408 3265 1463 3323 ἐς
1498 3260 1646 3319 ἄλλο
1682 3258 1896 3335 διαχεό-
