2192 3409
1944 0 2162 95 N

295 114 506 180 37—40]
896 112 1303 164 ΤΕΡΨΙΧΟΡΗ.
1825 112 1889 166 17
1920 111 1928 114 “

294 193 550 264 ἐξεδίδου,
577 192 760 253 ἄλλον
786 196 841 256 ἐς
869 191 1054 269 ἄλλην
1077 194 1249 253 πόλιν
1280 192 1615 270 παραδιδοῦς
1651 191 1781 253 ὅθεν
1807 193 1892 270 εἴη

293 281 546 344 ἕκαστος.
601 280 770 356 Κώην
789 282 892 357 μέν
911 307 1007 340 νυν
1024 284 1399 355 Μυτιληναῖοι
1420 281 1546 339 ἐπεί
1563 306 1626 340 τε
1644 280 1890 359 τάχιστα
1908 282 1987 339 38

292 370 640 445 παρέλαβον,
651 368 1025 475 ἐξαγαγόντες
1052 370 1414 428 κατέλευσαν·
1450 372 1696 444 19)μαῖοι
1716 368 1776 425 δὲ
1794 368 1894 427 τόν

291 456 571 533 σφέτερον
597 455 778 515 αὐτῶν
805 456 1044 532 οἷπῆκαν·
1081 458 1153 519 ὡς
1179 456 1239 515 δὲ
1266 456 1358 516 καὶ
1384 455 1555 515 ἄλλοι
1582 459 1635 515 οἱ
1660 459 1893 517 πλεῦνες

291 544 552 605 οἷπίεσαν·
617 544 897 623 τυράννων
920 547 1025 622 μέν
1049 570 1148 605 νυν
1175 544 1519 607 κατάπαυσις
1547 544 1763 624 ἐγένετο
1789 542 1895 603 ἀνοὶ

291 658 394 695 τας
417 633 638 697 πόλιας.

370 712 781 794 Ἀρισταγόρης
819 712 879 772 δὲ
919 712 954 773 ὅ
993 711 1284 789 Μιλήσιος
1326 712 1396 775 ὥς
1433 711 1563 775 τούς
1596 711 1896 790 τυράννους

293 803 608 862 κατέπαυσε
635 800 983 881 στρατηγοῦς
1013 806 1072 861 ἐν
1098 799 1307 879 ἑκάστῃ
1332 804 1442 861 τῶν
1467 801 1680 877 πολίων
1708 798 1893 858 κελεύ-

292 914 400 951 σας
440 889 708 951 ἑκάστους
747 893 1119 965 καταστῆσαι,
1156 888 1383 965 δεύτερα
1422 887 1588 951 αὖτὸς
1624 892 1679 949 ἐς
1716 894 1891 945 Λακε·

293 976 544 1053 δαίμονα·
571 975 786 1054 τριήρεϊ
837 976 1162 1040 ἀπόστολος
1209 977 1439 1057 ἐγίνετο·
1494 976 1606 1035 ἔδεε
1657 974 1767 1055 γὰρ
1822 974 1890 1050 δή

293 1067 621 1143 συμμαχίης
643 1063 791 1127 τινός
819 1066 874 1124 οἱ
897 1063 1152 1145 μεγάλης
1178 1064 1543 1140 ἐξευρεθῆναι.

374 1156 486 1227 Τῆς
531 1151 592 1211 δὲ
647 1151 906 1228 Σπάρτης
949 1150 1377 1229 Ἀναξανδρίδης
1424 1153 1527 1228 μὲν
1574 1149 1607 1210 ὁ
1651 1151 1893 1213 Λέοντος
1908 1148 2015 1209 39“’

295 1239 478 1299 οὐκέτι
503 1238 736 1317 περιεῶν
753 1240 1073 1314 ἐβασίλευε,
1095 1238 1253 1298 ἀλλὰ
1278 1236 1705 1313 ἐτετελευτήκεε·
1742 1243 1891 1296 Κλε-

297 1330 493 1404 ομένης
533 1328 591 1387 δὲ
632 1326 664 1388 ὅ
704 1326 1137 1404 Ἀναξανδρίδεω
1178 1328 1293 1406 εἶχε
1332 1326 1436 1403 τῆν
1465 1326 1796 1402 βασιληΐην,
1825 1324 1891 1385 οὔ

297 1416 435 1474 καταῖ
460 1415 833 1496 ἀνδραγαθίην
859 1414 1016 1493 σχών
1041 1414 1199 1474 ἀλλὰ
1223 1413 1363 1474 κατοῖ
1387 1415 1565 1495 γένος.
1629 1412 1891 1483 Ἀναξαν-

295 1502 450 1581 δριδῃ
469 1503 578 1583 γὰρ
601 1504 784 1580 ἔχοντι
807 1505 1039 1581 γυναῖκα
1065 1500 1347 1580 ἀδελφεῆς
1374 1505 1573 1577 ἑωυτοῦ
1594 1501 1887 1583 θυγατέρα,

297 1589 389 1647 καὶ
407 1590 606 1664 ἐούσης
624 1588 826 1663 ταύτης
845 1592 898 1647 οἱ
918 1590 1273 1667 καταθυμίης,
1294 1590 1485 1653 παῖδες
1502 1588 1603 1649 οὐκ
1623 1590 1887 1669 ἐγίνοντο·

293 1702 491 1736 τουτου
521 1676 580 1735 δὲ
609 1676 862 1736 τοιούτου
901 1677 1101 1749 ἐόντος,
1132 1680 1185 1737 οἱ
1219 1679 1417 1756 ἔφοροι
1446 1678 1606 1737 εἶπαν
1637 1682 1889 1737 ἐπικαλε-

296 1788 530 1840 σαμενοι
559 1762 792 1835 αυτόν,“
794 1765 880 1843 ἐἴ
909 1792 1000 1825 τοι
1035 1764 1112 1825 σύ
1139 1790 1208 1847 γε
1242 1769 1486 1825 σεωυτοῦ
1516 1764 1597 1843 μή
1625 1791 1889 1845 προορας,

294 1851 424 1911 ἀλλ’
442 1852 577 1929 ἡμῖν
599 1853 768 1913 τοῦτό
794 1858 920 1913 ἐστι
947 1880 1012 1913 ου
1036 1854 1369 1928 περιοπτέον
1393 1853 1552 1934 γένος
1577 1880 1644 1913 το
1670 1851 1889 1929 Εὐρυσ-

295 1940 477 2004 θένεος
521 1941 787 2021 γενέσθαι
834 1942 1111 2017 ἐξίτηλον.
1191 1940 1267 2000 σύ
1310 1967 1408 2001 νυν
1451 1941 1554 2017 τὴν
1598 1944 1703 2017 μὲν
1748 1942 1893 2021 ἔχεις

293 2031 540 2107 γυναῖκα,
568 2028 694 2087 ἐπεί
717 2054 778 2088 τε
804 2054 893 2087 τοι
919 2028 984 2087 οὐ
1009 2028 1199 2098 τίκτει,
1227 2028 1363 2099 ἔξεο,
1390 2027 1575 2106 ἄλλην
1602 2028 1661 2088 δὲ
1684 2034 1890 2110 γῆμον·

294 2115 386 2173 καὶ
418 2116 618 2175 ποιέων
643 2119 834 2186 ταῦτα,
865 2114 1257 2195 Σπαρτιήτῃσι
1283 2115 1563 2191 ἁδήσεις·”,
1592 2116 1625 2177 ὁ
1652 2117 1711 2176 δὲ
1737 2116 1889 2194 ἀμεί-

292 2203 434 2277 βετο
461 2203 575 2278 φας
607 2203 818 2263 τούτων
855 2202 1117 2281 ουδέτερα
1148 2204 1425 2280 ποιήσειν·
1466 2206 1701 2268 ἐκείνους
1730 2231 1792 2265 τε
1824 2204 1889 2264 οὖ

295 2294 480 2353 καλῶς
507 2289 922 2368 συμβουλευειν
946 2293 1341 2367 παραινέοντας
1364 2292 1470 2368 τήν
1501 2293 1613 2371 ἔχει
1638 2296 1887 2373 γυναῖκα,

295 2381 500 2438 ἐοῦσαν
541 2377 929 2455 αναμάρτηι-ον
971 2382 1163 2459 εωυτῷ,
1205 2379 1411 2454 ταύτην
1456 2378 1667 2438 απέντα
1704 2377 1891 2455 αλλην

295 2466 698 2546 ἐσαγαγέσθαι·
741 2465 869 2526 ουδέ
896 2474 1010 2543 σφι
1033 2468 1357 2529 πείσεσθαι.
1438 2464 1595 2542 Προς
1628 2469 1804 2525 ταῦτα
1836 2493 1889 2526 οι
1871 2470 1985 2527 ‘40

295 2553 492 2631 ἔφοροι
533 2554 625 2614 καὶ
663 2556 718 2615 οἱ
751 2555 1007 2635 γέροντες
1037 2554 1505 2631 βουλευσάμενοι,
1539 2553 1893 2632 προσέφερον

294 2635 710 2751 Ἀναξανδρίδῃ
730 2641 881 2701 τάδε·
931 2651 964 2677 “
983 2643 1103 2701 ἐπεὶ
1146 2642 1331 2703 τοίνυν
1369 2666 1457 2700 τοι
1497 2641 1893 2722 περιεχόμενόν

295 2754 366 2787 σε
391 2727 622 2806 ορεομεν
640 2733 740 2805 τῆς
767 2729 911 2808 ἔχεις
932 2730 1207 2811 γυναικὸς,
1228 2752 1305 2787 συ
1333 2729 1393 2787 δὲ
1416 2733 1593 2790 ταῦτα
1618 2731 1771 2789 ποίεε
1798 2730 1891 2789 καὶ

292 2842 374 2893 μη
405 2815 692 2894 α’ντίβαινε
722 2815 990 2888 τούτοισι,
1027 2818 1115 2877 ἵνα
1153 2816 1235 2894 μή
1270 2842 1326 2876 τι
1359 2816 1593 2877 ἀλλοῖον
1624 2820 1752 2896 περὶ
1788 2821 1893 2877 σεῦ

295 2907 350 2962 οἱ
375 2905 724 2981 Σπαρτιῆται
748 2904 1192 2982 βουλεύσωνται·
1221 2904 1480 2985 γυναικός
1503 2908 1606 2981 μὲν
1624 2909 1725 2979 τῆς
1751 2906 1896 2982 ἔχεις

295 3017 360 3049 ου
402 2991 796 3069 προσδεόμεθά
838 3018 942 3052 σευ
981 2998 1083 3069 τῆς
1126 2992 1356 3062 ἐξέσιος·
1398 3017 1473 3049 συ
1520 2992 1579 3049 δὲ
1619 2990 1791 3067 ταύτῃ
1830 3016 1893 3049 τε

295 3104 478 3139 παντα
519 3079 633 3140 ὅσα
675 3084 772 3139 νῦν
813 3080 1074 3157 παρέχεις
1118 3104 1346 3156 παρεχε,
1391 3078 1484 3136 καὶ
1530 3075 1714 3152 ἄλλην
1753 3078 1895 3153 πρὸς

296 3166 468 3243 ταύτῃ
505 3168 752 3248 ἐσαγαγε
791 3170 1024 3247 γυναῖκα
1062 3163 1419 3226 τεκνοποιόν·’
1489 3163 1664 3223 ταῦτα’.
1698 3190 1767 3240 κη
1802 3169 1895 3223 λε·

297 3252 522 3333 γόντων,
556 3280 916 3334 συνεχωρησε
957 3282 988 3313 ο
1029 3252 1471 3328 Ἀναξανδρίδης·
1510 3251 1653 3328 μετὰ
1693 3252 1896 3333 δὲ,γυ-
