2192 3409
316 108 412 154 100
923 108 1290 157 'HPOAOTOT
1786 108 1912 175 [VI.

315 183 506 271 ἄνδρες
540 188 653 247 τῶν
692 185 882 248 άστῶν
925 186 1163 263 δόκιμοι,
1200 186 1530 264 προδιδοῦσι
1570 191 1727 249 τοῖσι
1768 190 1915 266 Πέρ-

315 299 477 351 σῃσι·
519 277 574 334 οἱ
605 274 664 333 δὲ
705 274 1030 338 ἐσελθόντες
1057 280 1113 338 ἐς
1138 273 1241 351 τὴν
1275 274 1463 345 πόλιν,
1491 280 1661 337 τοῦτο
1698 280 1804 354 μὲν
1842 280 1911 339 τὰ

319 363 411 439 ipat
429 376 440 385 “
457 360 812 438 συλήσαντες
866 363 1179 439 ἐνέπρησαν
1232 362 1655 438 άποτιννύμενοι
1699 370 1811 425 τῶν
1855 372 1914 425 ἐν

315 450 553 528 Σάρδισι
594 450 1041 510 κατακαυθέντων
1081 453 1229 526 ἱρῶν,
1256 454 1423 509 τοῦτο
1456 450 1515 509 δὲ
1548 450 1681 514 τούς
1704 450 1911 529 ἀνθρώ-

311 563 448 600 πους
473 536 956 613 ἤνδραποδίσαπο
983 537 1125 598 κατὰ
1150 537 1251 600 τὰς
1277 538 1517 614 Δαρείου
1542 539 1789 601 ἐντολάς.

221 626 334 683 102
435 623 852 701 Χειρωσάμενοι
887 624 948 683 δὲ
984 623 1090 701 τήν
1122 624 1411 703 Ἐρέτριαν
1447 626 1541 685 καὶ
1580 625 1912 705 ἐπισχόντες

309 710 512 792 ὀλίγας
536 711 762 788 ἡμέρας,
789 712 992 773 ἔπλεον
1023 718 1078 776 ἐς
1108 713 1212 788 τὴν
1245 712 1522 789 Ἀττικήν,
1552 714 1912 795 κατέργοντές

314 824 377 857 τε
423 798 662 869 πολλὰν,
711 800 803 859 καὶ
849 799 1131 864 δοκέοντες
1180 799 1357 860 ταῦτα
1410 799 1541 864 τούς
1584 799 1909 875 Ἀθηναίους

315 886 573 963 ποιήσειν
612 887 684 947 τᾶ
727 888 819 947 καὶ
859 887 988 952 τούς
1024 886 1337 965 Ἐρετριέας
1372 888 1663 964 ἐποίησαν·
1706 889 1798 947 καὶ
1839 889 1908 963 ἦν

311 974 420 1055 γαρ
459 974 493 1035 ὁ
533 975 821 1052 Μαραθῶν
862 975 1293 1051 ἐπιτηδεότατον
1312 975 1539 1053 ’χωρίον
1583 979 1685 1051 τῆς
1726 974 1906 1035 Ἀττι-

318 1067 416 1139 κῆς
455 1067 786 1124 ἐνιππεῦσαι
818 1064 908 1123 καὶ
935 1062 1229 1144 α’,γχοτάτω
1252 1067 1353 1139 τῆς
1376 1062 1674 1139 Ἐρετρίης,
1703 1068 1757 1124 ἐς
1780 1068 1904 1122 ϊοῦυ

219 1152 332 1209 103
354 1150 420 1211 τό
445 1158 557 1228 σφι
585 1153 885 1232 κατηγέετο
909 1150 1133 1227 Ἱππίης
1158 1149 1190 1210 ὁ
1210 1149 1655 1227 Πεισιστράτεω.
1738 1150 1901 1227 Ἀθη-

309 1241 454 1298 ναῖοι
493 1240 554 1299 δὲ
581 1240 653 1303 ὦς
679 1239 946 1300 ἐπύθοντο
985 1243 1179 1308 ταῦτα,
1208 1238 1482 1314 ἐβοήθεον
1523 1238 1615 1297 καὶ
1652 1238 1809 1299 αὐτοὶ
1850 1246 1902 1301 ἐς

307 1326 406 1385 τόν
433 1329 776 1405 Μαραθῶνα·
817 1327 958 1408 ἦγον
983 1328 1046 1386 δέ
1069 1333 1254 1402 σφεας
1280 1327 1589 1406 στρατηγοὶ
1618 1325 1765 1395 δέκα,
1792 1332 1901 1385 τῶν

307 1413 342 1473 ὁ
383 1414 608 1479 δέκατος
648 1412 718 1491 ἦν
759 1414 1094 1489 Μιλτιάδης·
1135 1417 1237 1473 τοῦ
1276 1412 1375 1473 τᾶν
1417 1414 1629 1488 πατέρα
1672 1415 1901 1489 Κίμωνα

306 1500 408 1561 τὰν
434 1502 806 1581 Στησαγόρεω
845 1502 1130 1576 κατέλαβε
1157 1504 1357 1581 φυγεῖν
1384 1500 1445 1569 ἐξ
1467 1498 1743 1576 Ἀθηνέων
1769 1508 1897 1561 Πει-

309 1587 618 1665 σίστρατον
667 1588 767 1647 τὸν
817 1586 1231 1664 Ἱπποκράτεος·
1292 1588 1385 1647 καὶ
1436 1587 1583 1666 αὐτῷ
1639 1588 1899 1669 φεύγοντι

309 1673 630 1751 ὄλυμπιάδα
669 1674 972 1735 ἀνελέσθαι
994 1676 1279 1755 τεθρίππῳ
1306 1676 1540 1753 συνέβη,
1569 1676 1661 1734 καὶ
1697 1676 1900 1753 ταύτην

307 1764 411 1839 μὲν
450 1762 553 1839 τὴν
595 1764 752 1839 νίκην
791 1761 1125 1840 ἀνελόμενόν
1164 1790 1263 1840 μιν
1305 1762 1481 1823 τῶυτό
1529 1764 1899 1833 ἐξενείκασθαι

307 1854 386 1929 τῷ
445 1850 766 1931 ὁμομητρίῳ
825 1851 1083 1930 ἀδελφεῷ
1134 1852 1421 1930 Μιλτιάδῃ
1437 1877 1450 1891 ·
1506 1852 1647 1928 μετοὶ
1702 1851 1775 1920 δὲ,
1830 1858 1901 1931 τῇ

307 1938 515 2017 ὑστέρῃ
553 1938 857 2016 ὀλυμπιάδι
892 1943 1032 2018 τῇσι
1055 1938 1263 2018 αὐτῇσι
1290 1940 1517 1999 ἵπποισι
1540 1942 1702 1999 νικῶν
1726 1966 1899 2017 παρα-

309 2025 452 2086 διδοῖ
495 2025 890 2105 Πεισιστράτῳ
941 2025 1406 2105 ἀνακηρυχθῆναι,
1455 2026 1548 2086 καὶ
1593 2027 1695 2101 τήν
1746 2027 1899 2103 νίκην

306 2114 498 2190 παρεὶς
536 2113 712 2193 τούτῳ
755 2115 1000 2190 κατῆλθε
1043 2115 1136 2173 ἐπὶ
1172 2115 1245 2174 τοὶ
1286 2118 1485 2174 ἑωυτοῦ
1526 2113 1899 2179 ὑπόσπονδος·

309 2204 406 2262 καί
450 2229 549 2280 μιν
601 2200 935 2279 ἀνελόμενον
991 2205 1129 2280 τῇσι
1180 2202 1387 2281 αὐτῇσι
1440 2203 1664 2263 ἵπποισι
1716 2202 1902 2279 ἄλλην

306 2289 628 2368 ὀλυμπιάδα
683 2292 969 2367 κατέλαβε
1025 2289 1328 2352 α’,ποθανεῖν
1378 2289 1488 2349 ὖπό
1541 2293 1651 2350 τῶν
1708 2298 1900 2349 Πεισι-

227 2390 234 2397 ’
306 2379 552 2458 στράτου
603 2380 830 2450 παίδων,
886 2376 1070 2440 οὐκέτι
1121 2378 1432 2455 περιεόντος
1480 2376 1651 2438 αὐτοῦ
1709 2384 1899 2437 Πεισι·

305 2468 569 2544 στράτου·
597 2468 876 2529 κτείνουσι
901 2466 960 2525 δὲ
985 2464 1148 2527 οὗτοί
1166 2492 1265 2543 μιν
1290 2465 1430 2524 κατὰ
1455 2465 1523 2527 τό
1548 2466 1901 2542 πρυτανήῖον,

306 2555 498 2618 νυκτὸς
521 2555 848 2617 ὖπείσαντες
875 2552 1092 2630 ἄνδρας.
1175 2553 1445 2613 τέθαπται
1481 2554 1541 2612 δὲ
1568 2554 1766 2629 Κίμων
1792 2555 1903 2629 πρὸ

305 2645 406 2700 τοῦ
445 2640 662 2710 ἄστεος,
689 2642 865 2718 πέρην
890 2644 991 2715 τῆς
1017 2641 1109 2699 διαὶ
1137 2640 1353 2716 Κοίλης
1380 2640 1720 2717 καλεομένης
1750 2640 1901 2701 ὁδοῦ·

307 2728 598 2788 καταντίον
616 2726 662 2786 δ’
683 2727 853 2789 αὐτοῦ
882 2731 940 2787 αἱ
969 2729 1130 2787 ἵπποι
1156 2728 1468 2803 τεθάφαται
1492 2725 1656 2787 αὗται
1676 2732 1735 2789 αἱ
1759 2732 1905 2804 τρεῖς

305 2814 654 2892 ὀλυμπιάδας
681 2814 1030 2891 ἀνελόμεναι.
1111 2814 1383 2891 ἐποιήσαν
1408 2815 1468 2875 δὲ
1494 2816 1588 2875 καὶ
1615 2814 1790 2874 ἄλλαι
1820 2817 1905 2873 ἵπ-

305 2928 405 2961 ποι
438 2900 545 2977 ἥδη
579 2901 756 2961 τῶυτὸ
792 2908 976 2970 τοῦτο,
1003 2901 1303 2981 Εὐαγόρεω
1330 2903 1613 2967 Λάκωνος·
1654 2903 1811 2963 πλέω
1847 2904 1905 2962 δὲ

305 2989 556 3057 τουτέων,
583 2987 841 3064 οὐδαμαί.
923 2986 956 3047 ὅ
981 2990 1085 3065 μὲν
1114 2988 1182 3063 δή
1210 2990 1597 3069 πρεσβύτερος
1630 2996 1741 3051 τῶν
1780 2992 1907 3049 παί-

305 3074 412 3133 δων
449 3080 526 3152 τῷ
551 3076 770 3150 Κίμωνι
797 3074 1165 3153 Στησαγόρης
1204 3074 1275 3149 ἦν
1312 3081 1612 3150 τηνικαῦτα
1650 3078 1806 3155 παραὶ
1830 3082 1908 3155 τῷ

305 3159 495 3237 πάτρῳ
539 3160 826 3236 Μιλτιάδῃ
865 3159 1208 3237 τρεφόμενος
1252 3166 1309 3220 ἐν
1350 3165 1421 3238 τῇ
1463 3165 1830 3242 Χερσονήσῳ·
1874 3165 1905 3222 ὁ

309 3243 369 3301 δὲ
395 3244 653 3315 νεώτερος
679 3245 806 3317 παρ’
835 3244 980 3322 αὐτῷ
1009 3247 1223 3320 Κίμωνι
1256 3251 1314 3305 ἐν
1340 3246 1630 3322 Ἀθήνῃσι,
1658 3248 1907 3324 τοῦνομα
