2192 3409
263 163 352 211 160
867 158 1238 209 ΗΡοΔοτοτ
1697 160 1855 223 [vn.

257 242 322 301 τέ
358 244 486 301 εἰσι·
525 237 598 318 ἦν
635 264 700 301 τε
737 264 849 321 γαρ
879 239 1092 317 τύχωσι
1131 237 1619 317 ἐξεστρατευμένοι
1657 238 1856 317 χίλιοι,

260 326 412 388 οὗτοι
455 327 818 407 μαχήσονταί
845 352 949 400 τοι,
979 324 1048 401 ἦν
1080 350 1144 386 τε
1181 324 1492 389 ἐλάσσονες
1530 325 1756 397 τούτων,
1788 327 1860 403 ἦν

168 418 283 477 103
302 442 363 476 τε
390 417 481 476 καὶ
505 420 756 477 πλεῦνες.
759 414 789 433 ”
869 417 1058 472 Ταῦτα
1084 412 1331 476 ἀκούσας
1354 413 1583 489 Ξέρξης,
1605 414 1857 494 γελάσας

261 505 391 579 ἔφη·
459 513 495 539 “
513 501 830 577 Δημάρητε,
859 500 978 560 οἷον
1003 500 1341 580 ἐφθέγξαο”
1312 526 1458 570 επος,
1484 500 1685 577 ἄνδρας
1710 507 1857 581 χιλί-

262 616 358 653 ους
385 593 623 667 στρατιῇ
648 586 857 665 τοσῇδε
881 587 1275 665 μαχήσασθαι·
1344 586 1462 669 ἅγε,
1494 588 1616 647 εἰπέ
1638 614 1751 665 μοι,
1782 616 1853 650 m,

263 678 378 757 φῂς
414 702 622 737 τουτων
658 678 770 734 τῶν
806 674 1018 752 ἀνδρων
1053 674 1217 737 affrae
1251 675 1533 751 βασιλεῦς
1564 676 1855 757 γενέσθαι;

263 791 338 825 συ
383 764 458 825 ὧν
501 761 787 838 ἐθελησεις
829 761 1025 821 αὖτίκα
1064 762 1225 837 μάλα
1279 762 1420 840 πρός
1471 762 1673 841 ἄνδρας
1726 764 1858 824 δέκα

261 853 547 933 μάχεσθαι
553 878 570 922 ;
642 851 820 910 καίτοι
870 854 919 909 εἰ
958 849 1024 910 τό
1065 849 1359 909 πολιτικόν
1404 848 1535 927 ὖμῖν
1579 854 1695 911 πᾶν
1735 854 1858 913 ἐστί

262 944 518 1001 τοιοῦτον
541 941 658 1001 οἷον
685 937 760 998 σε)
782 937 1049 1015 διαιρέεις,
1079 940 1153 997 σέ
1174 962 1240 1017 γε
1264 937 1363 997 τᾶν
1392 938 1580 997 κείνων
1604 940 1859 1016 βασιλέα

263 1030 462 1106 πρέπει
494 1027 635 1106 πρὸς
667 1025 734 1086 τὸ
776 1024 1078 1100 διπλήσιον
1116 1023 1561 1086 ἀντιτάσσεσθαι
1592 1026 1734 1087 κατὰ
1773 1027 1857 1089 νό-

265 1142 406 1192 μους
441 1116 570 1178 τούς
605 1112 918 1192 ὑμετέρους.
990 1115 1039 1171 εἰ
1074 1112 1186 1193 γάρ
1228 1112 1415 1173 κείνων
1452 1113 1687 1179 ἕκαστος
1728 1116 1859 1175 δέκα

263 1202 474 1279 ἀνδρῶν
498 1206 601 1279 τῆς
632 1204 901 1280 στρατιῆς
925 1202 1027 1275 τῆς
1063 1204 1200 1275 ε’μῆς
1235 1198 1492 1270 οἷντάξιός
1528 1206 1667 1272 ἔστι,
1696 1204 1765 1262 σὲ
1798 1202 1862 1263 δέ

263 1317 330 1369 γε
349 1292 571 1368 δίζημαι
594 1292 771 1350 εἴκοσι
791 1288 928 1348 εἰναι
948 1286 1226 1356 ἀντάξιον·
1256 1288 1349 1347 καὶ
1370 1287 1511 1349 οὕτω
1528 1292 1635 1365 μέν
1652 1289 1871 1368 ὀρθοῖτ’·

264 1376 333 1438 ἂν
371 1378 403 1439 ὁ
444 1379 615 1460 λόγος
655 1378 688 1437 ὁ
727 1376 880 1454 παρὰ
915 1380 1018 1435 σεΰ
1056 1375 1357 1452 εἰρημένος.
1442 1376 1590 1448 εἰδὲ,
1617 1380 1866 1438 τοιοῦτοί

263 1491 326 1525 τε
374 1466 552 1529 ἐόντες
605 1466 696 1523 καὶ
749 1463 1002 1544 μεγάθεα
1052 1465 1319 1522 τοσοῦτοι
1374 1463 1488 1527 οἷος
1538 1464 1614 1524 σύ
1657 1491 1719 1525 τε
1766 1466 1858 1525 καί

265 1552 320 1611 οἳ
343 1552 472 1628 παρ’
515 1554 612 1629 ἐμὲ
654 1556 896 1627 φοιτῶσι
941 1550 1234 1627 Ἑλλήνων
1279 1556 1336 1614 ἐς
1375 1550 1597 1634 λόγους,
1639 1552 1859 1633 αὗχεΐτε
1884 1627 1895 1634 .

263 1642 554 1709 τοσοῦτον,
604 1638 708 1717 ὅρα
754 1638 835 1714 μὴ
889 1637 1071 1716 μάτην
1126 1638 1341 1717 κόμπος
1391 1638 1423 1699 ὁ
1477 1640 1649 1721 λόγος
1703 1640 1861 1705 οὗτος

267 1724 547 1804 εἰρημένος
583 1727 686 1803 εἴη.
769 1726 889 1786 ἐπεὶ
926 1726 1065 1803 φέρε
1100 1725 1197 1785 ἴδω
1226 1727 1395 1786 παντὶ
1420 1731 1498 1805 τῷ
1523 1728 1714 1789 οἰκότι·
1757 1734 1861 1793 κῶς

262 1811 332 1874 ἂν
368 1814 624 1875 δυναίατο
668 1812 937 1893 χίλιοι,“
904 1840 941 1889 η
984 1814 1074 1873 καὶ
1116 1839 1321 1891 μυριοι,
1356 1840 1395 1890 η
1435 1816 1528 1873 καὶ
1568 1842 1857 1877 πεντακισ-

263 1902 467 1993 μύριοι,
491 1902 669 1967 ἐόντες
694 1928 760 1984 γε
787 1901 1065 1979 ἐλεύθεροι
1089 1901 1293 1965 πάντες
1319 1901 1521 1978 ὁμοίως
1546 1905 1639 1963 καὶ
1662 1905 1744 1983 μή
1769 1901 1861 1965 ὕπ’

267 1990 387 2054 ἓνός
426 1990 742 2069 ἀρχόμενοι,
801 1992 1023 2069 στρατῷ
1074 1990 1287 2069 τοσῷδε
1330 1988 1684 2067 ἅντιστῆναι;
1742 1996 1867 2054 ἐπεί

265 2104 354 2137 τοι
405 2082 636 2143 πλεῦνες
675 2077 802 2156 περὶ
850 2078 945 2137 ἕνα
987 2078 1225 2139 ἕκαστον
1269 2076 1617 2159 γινόμεθα
1580 2104 1619 2155 η
1663 2082 1859 2159 χίλιοι,

267 2163 465 2226 ἐόντων
497 2166 714 2226 ἐκείνων
743 2167 907 2227 πέντε
937 2164 1253 2245 χιλιαδέων.
1339 2165 1448 2225 ὖπό
1478 2168 1582 2243 μὲν
1606 2168 1715 2249 γὰρ
1744 2168 1862 2232 {vas

267 2252 567 2334 ἀρχόμενοι
609 2256 750 2315 κατὰ
789 2253 998 2332 τρόπον
1037 2254 1139 2315 τᾶν
1178 2252 1467 2332 ἡμέτερον,
1514 2254 1753 2336 γενοίατ’
1794 2254 1863 2318 ἂν

269 2342 637 2419 δειμαίνοντες
675 2346 874 2404 τοῦτον
919 2342 1010 2401 καὶ
1055 2340 1209 2419 παρὰ
1262 2340 1368 2418 τήν
1422 2344 1635 2403 ἐωυτῶν
1687 2342 1864 2421 φύσιν

267 2428 563 2506 ἀμείνονες,
591 2430 682 2490 καὶ
716 2430 851 2489 ἴοιεν
881 2428 1316 2509 ἀναγκαζόμενοι
1349 2429 1589 2511 μάστιγι
1616 2435 1673 2495 ἐς
1696 2436 1862 2491 πλεῧ-

269 2541 366 2579 νας
402 2516 710 2579 ἐλάσσονες
743 2518 940 2578 ε’όντες·
983 2515 1259 2591 ἀνειμένοι
1292 2516 1351 2574 δὲ
1378 2521 1433 2581 ἐς
1459 2518 1525 2577 τό
1554 2517 1862 2597 ἐλεύθερον,

271 2601 371 2660 οὐκ
411 2602 480 2662 ἂν
514 2604 753 2663 ποιέοιεν
784 2602 995 2663 τούτων
1031 2602 1309 2679 οὐδέτερα·
1392 2604 1563 2665 δοκέω
1596 2606 1656 2665 δὲ
1691 2607 1865 2688 ἔγωγε

275 2688 365 2746 καὶ
431 2688 798 2754 ἀνισωθέντας
863 2689 1072 2765 πλήθεΐ
1136 2694 1397 2769 χαλεπῶς
1456 2691 1525 2752 ἂν
1574 2693 1866 2769 Ἕλληνας

269 2774 534 2852 Πέρσῃσι
557 2774 817 2849 μούνοισι
841 2774 1145 2855 μάχεσθαι·
1194 2774 1350 2835 ἀλλὰ
1374 2777 1507 2853 παρ’
1532 2778 1670 2856 ἡμῖν
1697 2781 1869 2841 τοῦτο’

272 2865 394 2918 ἐστι
429 2860 494 2920 τό
523 2860 598 2920 σύ
633 2862 831 2941 λέγεις·
875 2865 996 2921 ἔστι
1014 2888 1087 2941 γε
1112 2861 1303 2938 μέντοι
1341 2866 1407 2925 οὗ
1440 2866 1682 2938 πολλὸν,
1711 2866 1865 2927 ἀλλὰ

270 2945 526 3006 σπάνιον·
569 2948 681 3006 εἰσὶ
706 2972 816 3027 γαρ
845 2948 1112 3025 Περσέων
1130 2952 1240 3006 τῶν
1260 2954 1403 3024 ε’μῶν
1425 2954 1792 3032 αἰχμοφόρων
1814 2954 1867 3014 οι

271 3032 613 3107 ἐθελησουσι
635 3033 924 3109 Ελλήνων
949 3033 1185 3109 ἀνδράσι
1210 3034 1364 3108 τρισὶ
1391 3034 1536 3111 ὁμοῦ
1556 3040 1865 3118 μάχεσθαι·

181 3116 292 3174 104
309 3122 419 3177 τῶν
435 3145 509 3177 συ
531 3118 688 3179 ἐων”
652 3118 1099 3195 απειρος,πολλα
1120 3118 1467 3193 φλυηρέειςΫ
1510 3124 1671 3200 Προς
1690 3131 1867 3186 ταῦτα

271 3202 604 3279 Δημάρητος
639 3204 811 3281 λέγει·
849 3203 936 3259 “ω
971 3206 1235 3277 βασιλεῦ,
1263 3202 1572 3281 άρχῆθεν’
1534 3211 1865 3287 ηπιστάμην

0 3288 134 3347 —ss
269 3284 358 3345 ὅτι
381 3286 624 3351 ἅληθηΐη
649 3286 954 3353 ’Υρεῶμενος
981 3286 1044 3345 οὗ
1075 3290 1221 3357 φίλα
1248 3314 1331 3346 τοι
1362 3292 1510 3357 ἐρέω·
1541 3320 1615 3352 συ
1642 3296 1755 3354 δὲ’
1730 3300 1847 3356 επεὶ
