2192 3409
277 120 488 186 1·7-2o]
912 120 1287 171 noA‘rMmA.
1778 125 1867 172 131

271 204 392 263 ἐπεὶ
427 202 488 263 δὲ
517 202 775 281 δαιμονίη
800 227 884 266 τις
907 202 1121 283 γίνεται
1160 200 1327 279 ὄρμή,
1356 200 1449 261 καὶ
1468 200 1774 278 Ἕλληνας,
1802 203 1875 267 ὥς

271 292 430 362 ἔοικε,
467 290 657 368 φθορή
695 316 779 354 τις
823 288 1251 366 καταλαμβάνει
1295 289 1583 365 θεήλατος,
1629 290 1737 370 ἐγώ
1770 293 1875 367 μὲν

271 380 364 439 καὶ
411 378 576 441 αὖτός
617 377 902 456 τράπομαι
944 379 1035 435 καὶ
1078 376 1183 451 τήν
1224 375 1449 457 γνώμην
1489 377 1872 455 μετατίθεμαι·

271 466 346 527 σι)
374 466 434 525 δὲ
461 465 718 545 σήμῃνον
756 467 860 541 μὲν
885 465 1154 543 Πέρσῃσι
1180 464 1253 524 *ro*-
1280 469 1340 523 ἐκ
1367 468 1471 523 τοῦ
1498 465 1628 525 θεοῦ
1657 464 1875 542 πεμπό-

269 579 427 631 μενα,
452 556 704 633 χρῆσθαι
731 552 792 613 δὲ
817 552 1007 611 κέλευε
1032 556 1187 612 τοῖσι
1216 556 1276 611 ἐκ
1304 552 1407 612 σέο
1432 550 1706 629 πρώτοισι
1739 579 1873 630 προ-

273 642 612 719 ειρημένοισι
641 647 696 705 ἐς
721 640 827 717 τήν
854 639 1233 717 παρασκευήν·
1274 639 1431 699 ποίεε
1458 640 1519 699 δὲ
1540 639 1696 711 οὕτω,
1717 640 1873 711 ὅκως,

269 733 370 789 τοῦ
413 731 546 790 θεοῦ
587 727 1002 806 παραδιδόντος,
1050 729 1162 788 τῶν
1201 730 1320 787 σῶν
1362 726 1611 803 ἐνδεήσει
1650 727 1877 804 μηδέν.”

273 816 485 878 τούτων
514 817 843 895 λεχθέντων,
878 816 1119 875 ἐνθαῦτα
1154 815 1481 891 ἐπαρθέντες
1515 818 1589 894 τῇ
1627 814 1770 893 ὄψει,
1804 816 1877 879 ὥς

268 904 448 982 ἡμέρη
477 906 695 986 ἐγένετο
719 904 984 983 τάχιστα,
1000 902 1213 980 Ξέρξης
1230 926 1293 962 τε
1318 902 1671 979 ὑπερετίθετο
1696 906 1873 963 ταῦτα

271 993 554 1070 Πέρσῃσι,
583 992 676 1051 καὶ
699 989 1070 1069 Ἀρτάβανος,
1101 990 1163 1054 ὃς
1202 988 1475 1068 πρότερον
1506 989 1877 1051 οἷποσπεύδων

269 1085 474 1157 μοῦνος
499 1080 776 1155 ἐφαίνετο,
795 1078 926 1139 τότε
951 1078 1297 1139 ἐπισπεύδων
1324 1078 1625 1156 φανερος’
1588 1104 1678 1153 ην.

350 1167 682 1246 Ὡρμημένω
712 1167 770 1225 δὲ
797 1166 979 1245 Ξέρξῃ
1020 1166 1473 1245 στρατηλατέειν,
1509 1192 1653 1243 μετα
1691 1192 1868 1227 ταυτα
1892 1169 1967 1227 19

268 1254 428 1330 τρίτη
453 1253 633 1332 &pes-²
608 1281 665 1314 εν
692 1258 768 1333 τῷ
793 1253 944 1333 ὕπνω
969 1256 1205 1335 ἐγένετο,
1231 1253 1337 1331 τὴν
1362 1256 1417 1314 οἶ
1442 1254 1615 1335 μάγοι
1657 1254 1875 1331 ἔκριναν

270 1342 608 1406 ἀκούσαντες
642 1344 834 1420 φέρειν
858 1368 920 1402 τε
949 1342 1040 1401 ἐπὶ
1066 1368 1261 1403 πασαν
1292 1346 1415 1423 γῆν,
1444 1341 1767 1403 δουλεύσειν
1805 1344 1875 1403 τέ

270 1432 324 1489 οἱ
357 1428 570 1493 πάντας
604 1429 944 1507 ἀνθρώπους.
1026 1429 1065 1507 ἦ
1106 1430 1167 1489 δὲ
1204 1429 1335 1509 ὄψις
1358 1428 1429 1506 ἦν
1457 1427 1574 1505 ἥδε·
1618 1429 1800 1491 ἐδόκεε
1838 1430 1873 1490 ὅ

269 1518 480 1595 Ξέρξης
523 1518 956 1591 ἐστεφανῶσθαι
1000 1516 1191 1594 ἐλαίης
1234 1519 1449 1597 θαλλῷ·
1503 1516 1617 1577 ἇπδ
1664 1518 1725 1577 δὲ
1770 1522 1875 1594 τῆς

269 1606 463 1680 ἐλαίης
497 1604 628 1668 τούς
661 1604 898 1667 κλάδους
922 1610 1030 1685 γῆν
1063 1609 1258 1667 πᾶσαν
1298 1609 1573 1685 ἐπισχεῖν·
1614 1605 1757 1683 μετοῖ·
1794 1606 1872 1675 δὲ,

269 1691 657 1767 ἀφανισθῆναι
682 1692 810 1770 περὶ
835 1696 906 1771 τῇ
935 1697 1160 1772 κεφαλῇ
1181 1694 1431 1770 κείμενον
1450 1693 1550 1753 τᾶν
1570 1695 1867 1769 στέφανον.

272 1778 569 1855 κρινάντων
611 1779 670 1838 δὲ
711 1779 887 1859 ταύτῃ
934 1784 1044 1840 τῶν
1088 1781 1299 1862 μάγων,
1344 1781 1613 1858 Περσέων
1653 1808 1717 1841 τε
1760 1786 1872 1842 τῶν

271 1868 696 1945 συλλεχθέντων
735 1868 934 1928 αύτίκα
975 1872 1086 1932 πᾶς
1130 1868 1269 1945 ἀνὴρ
1315 1873 1369 1932 ἐς
1408 1867 1513 1944 τὴν
1553 1868 1735 1948 οἷρχήν
1768 1869 1873 1946 τήν

271 1956 472 2014 {um-013
509 1954 820 2026 ἀπελάσας,
853 1954 970 2035 εἶχε
1009 1956 1325 2033 προθυμίην
1364 1960 1559 2017 πᾶσαν
1593 1958 1686 2017 ἐπὶ
1719 1961 1873 2017 τοῖσι

273 2043 626 2119 εἰρημένοισι,
675 2045 855 2104 θέλων
907 2042 1074 2106 αύτᾶς
1129 2044 1362 2107 ἕκαστος
1412 2044 1485 2105 τοὶ
1538 2046 1873 2122 προκείμενα

271 2128 419 2206 δῶρα
460 2132 690 2207 λαβεῖν·
741 2133 834 2189 καὶ
878 2132 1091 2208 Ξέρξης
1129 2136 1231 2192 τοῦ
1267 2136 1513 2210 στρατοῦ
1556 2132 1699 2193 οὕτω
1740 2132 1871 2193 ἐποί-
1942 2161 1947 2170 ¹

266 2242 465 2296 γερσιν
498 2219 760 2288 ποιέεται,
787 2224 972 2297 χῶρον
1006 2218 1191 2280 πάντα
1231 2224 1463 2297 ἐρευνῶν
1489 2224 1591 2296 τῆς
1618 2220 1869 2296 ἠπείρου.

267 2302 414 2363 ’Aura
444 2303 556 2386 γοῖρ
581 2304 870 2385 Αἰγύπτου
901 2306 1162 2377 οἶλῶσιος,
1193 2308 1285 2367 ἐπὶ
1322 2310 1427 2385 μὲν
1464 2310 1711 2383 τέσσερα
1747 2309 1869 2366 ἔτεα
1888 2311 1966 2367 20

267 2391 492 2469 πλήρεα
531 2394 874 2470 παραρτέετο
911 2394 1183 2472 στρατιήν
1217 2422 1279 2456 τε
1315 2396 1407 2455 καὶ
1447 2396 1519 2455 τᾶ
1561 2394 1870 2472 πρόσφορα

266 2482 343 2559 τῇ
375 2484 635 2558 στρατιῇ·
675 2481 910 2562 πέμπτῳ
948 2482 1008 2542 δὲ
1043 2484 1155 2543 ἔτεῖ
1182 2484 1429 2562 ἀνομένῳ
1461 2480 1870 2560 ἐστρατηλάτεε

265 2567 414 2645 χειρὶ
437 2568 663 2649 μεγάλῃ
697 2569 962 2646 πλήθεος.
1045 2570 1269 2631 στόλων
1294 2570 1420 2651 γάρ,
1447 2572 1558 2629 τῶν
1594 2568 1754 2647 ἡμεῖς
1792 2570 1869 2629 ἴδ-

267 2680 388 2732 μεν,
413 2658 614 2735 πολλῷ
653 2657 730 2733 δὴ·
762 2658 1032 2739 μέγιστος
1058 2656 1223 2723 οὗτος
1258 2660 1492 2740 ἐγένετο·
1536 2657 1685 2719 ὥστε
1722 2658 1865 2735 μήτε

266 2741 368 2802 τόν
393 2745 634 2821 Δαρείου
659 2745 760 2805 τᾶν
785 2746 877 2805 ἐπὶ
903 2746 1122 2812 Σκύθας
1145 2746 1299 2823 παραῖ
1324 2749 1525 2806 τοῦτον
1544 2747 1717 2823 μηδὲν
1738 2749 1865 2823 φαί-

267 2831 481 2901 νεσθαι,
522 2831 666 2908 μήτε
701 2834 799 2894 τόν
825 2834 1117 2904 Σκυθικόν,
1159 2832 1253 2894 ὅτε
1286 2833 1495 2897 Σκύθαι
1523 2835 1868 2911 Κιμμερίους

268 2917 551 2983 διώκοντες
579 2926 634 2983 ἐς
657 2923 761 2997 τὴν
786 2920 1049 2999 Μηδικήν
1071 2921 1261 3002 χώρην
1287 2919 1637 2999 ἐμβαλόντες
1662 2922 1869 2999 σχεδόν

267 3004 450 3066 πάντα
474 3008 546 3067 τὰ
573 3006 684 3067 ἅνω
701 3014 803 3085 τῆς
826 3008 1026 3087 Ἀσίης
1047 3009 1566 3087 καταστρεψάμενοι
1588 3010 1865 3085 ἐνέμοντο·

266 3096 378 3153 τῶν
405 3094 605 3155 εἵνεκεν
643 3095 882 3174 ὕστερον
909 3101 1146 3173 Δαρεῖος
1172 3098 1514 3174 ἐτιμωρέετο·
1554 3095 1699 3174 μήτε
1726 3096 1865 3156 κατὰ

265 3179 338 3239 ‘td
368 3182 647 3262 λεγόμενα
671 3184 772 3244 τόν
793 3184 1115 3262 Ἀτρειδέων
1141 3190 1196 3247 ἐς
1210 3184 1409 3254 Ἴλιον,
1435 3183 1579 3260 μήτε
1616 3184 1717 3244 τόν
1742 3189 1865 3243 Μυ·

262 3271 388 3355 Q
424 3294 486 3329 τε
527 3271 619 3328 καὶ
645 3274 898 3347 Τευκρῶν
935 3270 1035 3331 τᾶν
1073 3270 1185 3348 πρό
1226 3276 1337 3332 τῶν
1360 3275 1617 3347 Τρωῖκῶν
1640 3272 1864 3353 γενόμε-
