2192 3409
311 120 528 181 92-97]
1017 117 1245 167 ΕΡΑΤΩ.
1848 118 1911 167 97

307 201 418 277 γῆν
442 197 623 275 τικαὶ
648 196 812 275 ὕδωρ.
893 197 1217 275 Μαρδόνιον
1249 198 1354 274 μὲν
1381 195 1451 273 δὴ
1480 195 1745 273 φλαύρως
1768 194 1908 272 πρή-

309 285 482 354 ξαντα
519 290 597 365 τῷ
635 285 826 365 στόλῳ
851 284 1129 362 παραλύει
1168 288 1269 360 τῆς
1294 284 1651 363 στρατηγίης·
1694 282 1908 347 ἄλλους

309 372 370 431 δὲ
411 373 761 453 στρατηγοῦς
787 373 1056 441 ἀποδέξας
1083 372 1383 432 ἀπέστειλε
1419 372 1513 430 ἐπί
1534 394 1595 429 τε
1621 368 1907 447 Ἐρέτριαν

309 460 404 519 καὶ
429 458 686 535 Ἀθήνας,
716 460 893 520 Δᾶτίν
934 486 994 519 τε
1025 459 1187 520 ἐόντα
1213 458 1413 534 Μῆδον
1451 458 1627 539 γένος,
1656 456 1748 531 καὶ
1776 456 1906 534 Ἀρ-

308 548 590 624 ταφέρνεα
628 548 727 607 τὸν
759 548 1169 624 Ἀρταφέρνεος
1208 546 1381 607 παῖδα
1420 545 1752 622 ἀδελφιδέον
1783 549 1909 605 ἑωυ-

311 639 427 693 τοῦ·
477 634 855 712 ἐντειλάμενος
897 635 956 695 δὲ
997 632 1294 712 ἀπέπεμπε
1334 632 1907 711 ἐξανδραποδίσαντας

311 720 549 797 Ἀθήνας
589 723 682 781 καὶ
721 721 1024 799 Ἐρέτριαν,
1051 720 1207 802 ἄγειν
1238 724 1417 799 ἑωυτῷ
1456 724 1511 784 ἐς
1546 718 1678 794 ὄψιν
1709 719 1781 779 τά
1813 720 1905 781 άν-

309 808 578 886 δράποδα.
657 809 757 874 Ὡς
780 808 922 873 δὲοὶ
948 808 1257 889 στρατηγοὶ
1284 806 1437 869 οὗτοι
1478 811 1533 869 οἱ
1572 807 1904 886 άποδεχθέν-
1924 811 2002 869 95

307 922 413 966 τες,
441 896 992 975 πορευόμενοιιπαροὶ
1017 897 1297 971 βασιλέος
1322 896 1589 957 ἀπίκοντο
1614 899 1715 971 τῆς
1742 899 1905 955 Κιλι-

309 984 430 1061 κίης
449 990 506 1049 ἐς
529 986 596 1048 τό
621 984 856 1062 Ἀλήϊον
879 986 1086 1055 πεδίον,
1108 983 1227 1062 ἅμα
1252 982 1517 1065 ἀγόμενοι
1544 984 1711 1055 πεζὸν
1736 1010 1907 1061 στρα-

305 1071 408 1133 τόν
441 1073 664 1135 πολλόν
693 1100 756 1135 τε
795 1074 889 1134 καὶ
921 1073 980 1133 εὖ
1007 1072 1438 1149 ἐσκευασμένον,
1466 1072 1703 1135 ἐνθαῦτα
1735 1098 1905 1148 στρα-
1944 1074 1951 1081 ’

305 1161 793 1239 τοπεδευομένοισι
818 1160 1033 1237 ἐπῆλθε
1055 1162 1161 1238 μὲν
1188 1158 1219 1219 ὅ
1248 1158 1501 1222 ναυτικὸς
1524 1162 1636 1223 πᾶς
1662 1158 1904 1234 στρατός

309 1246 342 1307 ὁ
368 1250 682 1328 ἐπιταχθεὶς
707 1248 1014 1311 ἑκάστοισι·
1055 1248 1427 1329 παρεγένοντο
1453 1246 1513 1307 δὲ
1534 1246 1631 1314 καὶ,
1652 1248 1710 1305 αἱ
1738 1248 1906 1305 ἱππα-

306 1336 482 1415 γωγοὶ
511 1338 637 1407 νέες,
664 1336 765 1401 τὰς
788 1340 866 1415 τῷ
889 1337 1141 1415 προτέρῳ
1166 1336 1275 1395 ἔτεϊ
1314 1338 1545 1411 προεῖπε
1584 1335 1739 1394 τοῖσι
1779 1337 1905 1393 ἑωυ-

305 1427 407 1483 τοῦ
447 1424 870 1503 δασμοφόροισι
897 1429 1135 1503 Δαρεῖος
1174 1422 1499 1502 ἑτοιμάζειν.
1583 1421 1903 1499 ἐσβαλόμε-

308 1536 392 1570 νοι
418 1512 477 1571 δὲ
499 1512 630 1577 τούς
657 1513 856 1577 ἵππους
883 1518 940 1577 ἐς
963 1512 1167 1577 ταύτας
1195 1513 1286 1573 καὶ
1310 1509 1376 1572 τό
1383 1536 1411 1571 ν
1449 1512 1620 1584 πεζὸν
1658 1510 1903 1587 στρατὸν

309 1600 728 1676 ἐσβιβάσαντες
754 1606 809 1664 ἐς
846 1601 947 1666 τοὶς
986 1601 1127 1671 νέας,
1156 1601 1357 1660 ἔπλεον
1392 1600 1721 1679 ἑξακοσίῃσι
1751 1598 1903 1675 τριή-

307 1712 434 1763 ρεσι
461 1692 515 1749 ἐς
538 1687 641 1763 τὴν
665 1687 896 1764 Ἰωνίην.
977 1688 1229 1749 ἐνθεῦτεν
1254 1688 1313 1749 δὲ
1350 1686 1415 1747 οὗ
1440 1688 1594 1765 παρὰ
1619 1687 1723 1763 τήν
1748 1686 1903 1762 ἤπει-

306 1798 406 1849 ρον
445 1774 597 1853 εἶχον
620 1774 722 1838 τοῖς
748 1776 872 1837 νέας
895 1773 986 1834 3.θῦ
1013 1777 1115 1834 τοῦ
1138 1800 1201 1835 τε
1226 1774 1658 1851 Ἑλλησπόντου
1685 1775 1777 1835 καὶ
1802 1779 1903 1851 τῆς

307 1862 566 1937 Θρηίκης·
605 1861 738 1921 ἀλλ’
765 1867 827 1922 ἐκ
853 1862 1048 1939 Σάμου
1087 1862 1441 1940 ὄρμεῶμενοι,
1467 1862 1621 1941 παρά
1658 1889 1721 1923 τε
1760 1860 1903 1922 Ἰκά-

305 1975 428 2026 ριον
453 1951 547 2009 καὶ
573 1948 665 2010 διὰ
691 1948 878 2026 νήσων
902 1950 1003 2012 τὸν
1030 1951 1210 2012 πλόον
1230 1955 1529 2023 ἐποιεῦντο,
1552 1951 1622 2015 ὥς
1646 1952 1749 2029 μὲν
1776 1951 1902 2028 ἐμοὶ

307 2036 496 2113 δοκέει,
527 2037 806 2102 δείσαντες
840 2038 1099 2115 μάλιστα
1126 2038 1226 2100 τόν
1252 2038 1561 2115 περίπλοον
1598 2042 1699 2099 τοῦ
1722 2037 1898 2110 Ἀθω,

307 2124 394 2185 ὅτι
418 2131 496 2205 τῷ
519 2128 770 2205 προτέρῳ
807 2128 915 2185 ἔτεϊ
953 2126 1271 2204 ποιεύμενοι
1308 2125 1482 2205 ταύτῃ
1520 2126 1627 2203 τὴν
1666 2126 1899 2204 κομιδήν

305 2214 561 2293 μεγάλως
585 2215 1036 2290 προσέπταισαν·
1073 2214 1215 2292 πρός
1242 2215 1301 2275 δὲ
1326 2214 1419 2273 καὶ
1444 2213 1482 2290 ἦ
1509 2214 1699 2283 Νάξος
1718 2216 1905 2290 σφέας

304 2298 599 2380 ἠνάγκαζε,
625 2299 897 2377 πρότερον
933 2300 1032 2361 οὐκ
1073 2301 1320 2363 ἁλοῦσα.
1396 2300 1557 2361 Ἐπεὶ
1598 2302 1674 2371 δὲ,
1712 2306 1771 2359 ἐκ
1796 2306 1895 2359 τοῦ
1918 2304 1993 2359 96

303 2384 544 2463 Ἰκαρίου
597 2386 875 2468 πελάγεος
925 2389 1380 2467 προσφερόμενοι
1430 2388 1777 2465 προσέμιξαν
1828 2392 1901 2467 τῇ

305 2474 493 2554 Νάξῳ,
535 2476 650 2556 (ἐπὶ
691 2474 899 2552 ταύτην
937 2476 1050 2558 γοὶρ
1100 2478 1169 2553 δή
1214 2476 1437 2553 πρώτην
1470 2480 1691 2555 ἐπεῖχον
1730 2501 1903 2552 στρα-

303 2562 564 2623 τεύεσθαι
605 2566 662 2623 οἱ
703 2564 939 2641 Πέρσαι,
978 2565 1321 2642 μεμνημένοι
1358 2568 1469 2633 τῶν
1506 2563 1822 2643 πρότερον,)
1848 2567 1903 2623 οἶ

305 2648 510 2720 Νάξιοι
549 2651 690 2729 πρὸς
713 2651 786 2711 ταῖ·
813 2650 980 2728 οὔρεα
1013 2653 1235 2730 οἴχοντο
1262 2651 1579 2731 φεύγοντες,
1608 2651 1733 2711 οὐδὲ
1773 2652 1909 2711 ὑπέ-

303 2762 514 2815 μειναν·
557 2743 612 2799 οἶ
641 2740 702 2799 δὲ
728 2740 954 2817 Πέρσαι
992 2737 1535 2816 ἀνδραποδισάμενοι
1574 2739 1704 2803 τούς
1746 2742 1901 2800 κατέ-

304 2827 496 2902 λαβον
531 2827 725 2898 αὐτῶν,
755 2828 1067 2905 ἐνέπρησαν
1100 2828 1191 2886 καὶ
1223 2826 1295 2886 τοὶ
1332 2826 1423 2903 ἱρὰ
1462 2829 1553 2888 καὶ
1582 2827 1687 2903 τὴν
1710 2827 1901 2888 πόλιν·

301 2916 480 2974 τἀῦτα
523 2915 582 2974 δὲ
621 2914 976 2990 ποιήσαντες,
1021 2914 1115 2975 ἐπὶ
1158 2912 1260 2979 τὰς
1306 2912 1487 2977 ἄλλας
1527 2914 1734 2991 νήσους
1775 2913 1903 2973 οἰνά-

303 3026 492 3081 γοντο.

384 3088 484 3149 Ἐν
525 3087 568 3169 ᾧ
609 3090 670 3150 δὲ
712 3088 867 3151 οὗτοι
907 3095 1084 3153 ταῦτα
1118 3092 1351 3163 ἐποίευν,
1395 3095 1449 3151 οἱ
1492 3090 1715 3167 Δήλιοι,
1758 3094 1902 3149 ἐκλι-
1922 3092 1992 3169 97

306 3176 502 3239 πάντες
539 3178 631 3237 καὶ
667 3176 828 3237 αὐτοὶ
860 3178 965 3257 τὴν
993 3173 1207 3255 Δῆλον,
1241 3181 1463 3259 οἴχοντο
1506 3177 1807 3260 φεύγοντες
1848 3184 1904 3242 ἐς

306 3267 504 3339 Τῆνον·
563 3270 664 3341 τῆς
715 3266 775 3327 δὲ
829 3268 1099 3343 στρατιῆς
1150 3267 1591 3347 καταπλεούσης,
1644 3266 1676 3327 ὁ
1729 3272 1903 3329 Δᾶτις
