2192 3409
289 116 366 174 93,
394 112 483 177 94]
886 112 1291 165 mssmeopn
1816 110 1877 157 45

289 191 474 267 ὁρτὴν,
505 188 675 266 ἤϊσαν
719 190 914 271 κόσμω
955 196 1032 269 τῷ
1075 196 1363 268 καλλίστῳ
1403 192 1727 269 χρεώμεναι·
1762 186 1795 247 6
1836 186 1884 245 δ’

287 277 624 353 υποστήσας
645 303 774 342 τους
799 251 1158 356 δορυφόρους,
1188 277 1434 336 ἅπέδυσέ
1472 283 1657 353 σφεας
1694 274 1885 337 πάσας

291 366 492 441 ὁμοίως
521 391 622 428 τας
661 366 706 426 τ’
736 368 1029 443 ἐλευθέρας
1071 367 1162 424 καὶ
1193 365 1291 427 τοὶς
1320 364 1698 441 ἀμφιπόλους·
1740 388 1881 439 συμ-
1935 376 1947 389 ·

291 454 574 561 φορήσας.ι
578 454 690 513 δὲ’
665 480 718 517 ες
745 452 978 535 ὄρυγμα,
1007 455 1285 531 Μελίσσῃ
1328 450 1693 529 ἐπευχόμενος
1728 451 1882 510 κατέ-

293 567 428 599 καιε·
470 546 644 601 ταῦτα
669 542 732 601 δέ
757 545 809 601 οἱ
835 542 1137 617 ποιήσαντι
1158 541 1250 599 καὶ
1270 540 1336 599 r&
1364 538 1613 615 δεύτερον
1631 540 1884 615 πέμψαν·

289 653 344 687 τι
379 630 594 705 ἔφρασε
627 628 694 690 τὰ
733 630 959 688 εἴδωλον
983 628 1050 689 τό
1079 629 1437 703 Μελίσσης’
1412 653 1466 689 ες
1491 624 1591 685 τὸν
1617 626 1883 736 κατέθηκε

290 718 472 793 χῶρον
497 721 598 776 τοῦ
625 709 804 799 ξείνου
828 716 932 791 τὴν
957 714 1447 792 παρακαταθήκην.
1530 716 1749 773 τοιουτο
1780 715 1885 789 μέν

293 808 416 861 ἐστι
447 802 576 879 ὖμῖν
601 804 638 880 ἦ
664 805 930 881 τυραννὶς,
959 804 1002 863 ὦ
1027 800 1473 879 Λακεδαιμόνιοι,
1506 803 1597 860 καὶ
1620 801 1883 861 τοιούτων

294 890 482 971 ἔργων.
570 891 744 967 ἡμέας
769 893 842 950 δὲ
847 916 978 953 τους
993 890 1323 969 Κορινθίους
1349 889 1475 949 τότε
1502 888 1697 949 αὐτίκα
1726 889 1885 964 θῶμα

290 982 440 1058 μέγα
465 978 596 1057 εἶχε,
623 978 716 1039 ὅτε
751 979 923 1057 ὕμέας
961 980 1177 1056 εἴδομεν
1218 975 1747 1054 μεταπεμπομένους
1768 975 1880 1035 Ἱπ-

292 1066 443 1141 πίην·
486 1070 582 1126 νῦν
620 1093 682 1127 τε
725 1068 794 1142 δὴ
837 1068 928 1126 καὶ
970 1066 1209 1143 μεζόνως
1249 1063 1573 1141 θωμάζομεν
1614 1064 1884 1143 λέγοντας

292 1158 490 1212 ταῦτα·
518 1147 999 1231 ἐπιμαρτυρόμεθά
1024 1178 1101 1223 τε,
1125 1151 1543 1229 ἐπικαλεόμενοι
1569 1150 1701 1227 υμῖν
1726 1152 1886 1214 θεους

292 1240 422 1303 τούς
452 1241 797 1317 Ἑλληνίους,
840 1268 920 1317 μη
965 1241 1290 1301 κατιστάναι
1330 1238 1651 1333 τυραννίδας
1690 1242 1746 1300 ἐς
1784 1238 1887 1301 τοὶς

293 1328 476 1391 πόλις·
519 1328 694 1389 οὔκων
727 1328 1017 1388 παύσεσθε
1059 1327 1213 1388 αλλοὶ
1252 1324 1637 1403 πειρήσεσθε
1624 1324 1777 1402 παροῖ
1816 1327 1883 1385 τὸ

295 1415 504 1477 δίκαιον
531 1442 860 1496 καταγοντες
883 1410 1176 1491 Ἱππίην,”
1154 1440 1277 1475 ιστε
1308 1413 1437 1489 υμῖν
1464 1414 1793 1517 Κορινθίους
1816 1442 1884 1495 γε

295 1526 360 1560 ου
399 1504 802 1564 συναινέοντας.

333 1584 696 1664 Σωσικλέης
734 1592 836 1665 μὲν
877 1590 990 1649 α’πο
1035 1530 1317 1666 Κορίνθου
1357 1590 1689 1666 πρεσβεύων
1730 1591 1883 1659 ἔλεξε
1900 1592 1975 1647 93

293 1676 444 1735 τάδε.
526 1676 744 1752 Ἱππίης
767 1678 826 1735 δὲ
852 1676 1021 1737 ‹uk-611
1051 1678 1337 1755 ἀμείβετο,
1364 1703 1493 1739 τους
1534 1676 1729 1740 αὐτους
1770 1682 1881 1735 ἐπι-

297 1764 540 1827 καλέσας
581 1762 738 1828 θεσῦς
784 1766 956 1843 κείνῳ,
1001 1764 1040 1840 ἦ
1087 1764 1200 1841 μὴν
1250 1765 1577 1840 Κορινθίους
1620 1764 1877 1841 μάλιστα

294 1852 510 1913 πάντων
537 1852 900 1929 ἐπιποθήσειν
927 1852 1409 1928 Πεισιστρατίδας,
1444 1851 1575 1911 ὅταν
1602 1859 1714 1927 σφι
1744 1851 1879 1927 ἥκω-

295 1966 358 1998 σι
386 1939 586 2017 ἦμέραι
625 1944 686 1999 αἱ
721 1941 902 2017 κύριαι
943 1939 1209 1999 ἀνιᾶσθαι
1246 1937 1336 1997 ὕπ’
1364 1937 1690 2015 Ἀθηναίων.
1771 1939 1881 1998 Ἱπ-

294 2028 422 2103 πίης
447 2032 550 2105 μὲν
582 2028 834 2088 τούτοισι
874 2028 1167 2105 ἀμείψατο,
1206 2026 1295 2086 οἶιί
1326 2053 1405 2088 τε·
1427 2026 1556 2089 τούς
1592 2027 1883 2105 χρησμούς

294 2114 668 2192 ἀτρεκέστατα
687 2114 896 2191 ἀνδρῶν
915 2114 1358 2192 ἐξεπιστάμενος·
1396 2119 1451 2174 οἱ
1476 2116 1535 2173 δὲ
1560 2116 1751 2175 λοιποὶ
1774 2119 1881 2175 τῶν

293 2204 603 2281 συμμάχων
633 2203 767 2266 τέως
805 2204 910 2278 μὲν
949 2202 1101 2282 εἶχον
1130 2207 1187 2263 ἐν
1212 2202 1421 2281 ἡσυχίῃ
1453 2204 1636 2277 σφέας
1665 2202 1878 2265 αὐτούς·

293 2290 414 2348 ἐπεί
446 2316 510 2351 τε
545 2290 603 2348 δὲ
633 2290 948 2353 Σωσικλέος
983 2290 1233 2367 ἤκουσαν
1275 2291 1526 2351 εἴπαντος
1568 2289 1878 2363 ἐλευθέρως,

291 2376 435 2441 ἅπας
459 2404 544 2441 τις
569 2378 748 2437 αὐτῶν
776 2378 967 2455 φωνήν
991 2379 1176 2457 ῥήξας,
1206 2380 1417 2455 αἱρέετο
1452 2382 1554 2437 τοῦ
1582 2377 1881 2453 Κορινθίου

287 2490 390 2540 την
414 2492 657 2546 γνωμην·
684 2466 1179 2543 Λακεδαιμονίοισί
1198 2489 1260 2525 τε
1288 2466 1771 2542 ἐπεμαρτυρέοντο,
1798 2464 1879 2540 μή

288 2554 494 2613 ποιέειν
523 2554 696 2631 μηδὲν
727 2554 990 2667 νεώτερον
1023 2555 1153 2632 περὶ
1192 2553 1361 2613 πόλιν
1385 2551 1655 2612 Ελλαδα.
1738 2552 1879 2612 οὕτω

286 2643 390 2715 μὲν
415 2646 590 2701 ταῦτα
617 2641 894 2718 ἐπαύσθη.

366 2728 556 2807 Ἱππίῃ
595 2730 653 2787 δὲ
696 2730 942 2789 ἐνθεῦτεν
981 2730 1414 2809 ἀπελαυνομένῳ
1456 2729 1632 2789 ἐδίδου
1658 2730 1760 2803 μὲν
1784 2727 1875 2785 ’A-
1895 2729 1972 2784 94

283 2816 489 2892 μύντης
533 2817 564 2877 6
601 2816 872 2876 Μακεδων
907 2816 1299 2891 Ἀνθεμοῦντα,
1340 2814 1593 2873 ἐδῶοσαν
1634 2815 1693 2873 δὲ
1734 2821 1875 2871 Θεσ-

284 2904 459 2963 σαλοὶ
496 2904 742 2963 Ἰωλκόν.
825 2903 857 2963 6
893 2904 952 2962 δὲ
991 2902 1198 2962 τούτων
1225 2904 1329 2979 μὲν
1358 2901 1614 2977 ουδέτερα
1645 2901 1874 2975 αἱρέετο,

283 2990 552 3069 ἀνεχώρεε
579 2992 696 3051 δὲ’
665 2993 846 3051 οπίσω
875 2996 930 3054 ἐς
958 2993 1191 3071 Σίγειον,
1222 2989 1289 3049 τὰ
1324 2990 1439 3048 εἷλε
1465 2988 1875 3062 Πεισίστρατος

281 3082 459 3156 αἰχμῇ
480 3104 632 3155 παρα
653 3080 1065 3154 Μυτιληναίων·
1110 3076 1397 3153 κρατήσας
1422 3075 1480 3133 δὲ
1507 3072 1693 3141 αὐτοῦ,
1724 3074 1877 3133 κατέ-

279 3189 462 3240 στησε
487 3166 753 3243 τύραννον
781 3166 920 3223 εἶναι
953 3164 1129 3222 παῖδα
1152 3162 1252 3223 τᾶν
1280 3164 1478 3222 εωυτοΰ
1506 3160 1671 3220 νόθον
1680 3160 1875 3271 ζΗγη-

278 3252 604 3329 σίστρατον,
640 3252 912 3334 γεγονότα
957 3251 1018 3320 ἐξ
1060 3248 1319 3329 Ἀργείης
1356 3247 1733 3329 γυναικός·ος
1776 3248 1875 3307 οὐκ
