2192 3409
305 146 369 193 90
930 140 1299 189 ‘nPvotl'o‘r
1784 136 1907 203 [vl.

303 220 696 300 ἀναλαβόντας
740 219 813 282 τοὶ
860 220 1014 281 ὅπλα
1057 220 1284 298 χωρέειν
1332 222 1389 282 ἐς
1432 216 1562 281 τοῦς
1600 216 1905 299 Ἀργείους.

303 314 482 369 ταῦτα
523 310 614 369 καὶ
655 311 865 391 ἐγίνετο
898 308 1157 368 ἐπιτελέα
1193 311 1253 367 ἐκ
1284 310 1395 366 τῶν
1438 305 1905 384 Λακεδαιμονίων.

307 396 539 475 ἄριστον
579 396 691 477 γὰρ
733 396 1114 471 ποιευμένοισι
1156 397 1309 453 τοῖσι
1348 393 1659 474 Ἀργείοισι
1704 398 1765 452 ἐκ
1804 400 1907 453 τοῦ

307 484 656 565 κηρύγματος
697 483 976 541 ἐπεκέατο·
1026 483 1119 540 καὶ
1159 480 1410 544 πολλοῦς
1448 484 1551 557 μὲν
1592 480 1907 555 ἐφόνευσαν

307 572 500 641 αὐτῶν,
529 574 728 647 πολλῷ
753 569 799 627 δ’
829 571 908 628 ἔτι
927 573 1172 631 πλεῦνας
1198 574 1253 633 ἐς
1278 568 1345 629 τό
1364 568 1547 632 ἅλσος
1570 572 1671 627 τοῦ
1688 568 1905 649 Ἀργου

209 658 282 717 79
308 656 729 737 καταφυγόντας
767 656 1137 734 περιῖζόμενοι
1182 655 1535 732 ἐφύλασσον.
1616 655 1906 717 Ἑνθεῦτεν

305 744 364 801 δὲ
389 743 422 803 ὁ
444 744 769 821 Κλεομένης
795 745 974 803 ἐποίεε
999 744 1233 804 τοιόνδε·
1276 746 1417 823 ἔχων
1440 742 1787 819 αὐτομόλους
1812 744 1904 803 ἅν-

309 831 440 908 δρας
493 832 586 890 καὶ
627 831 1039 909 πυνθανόμενος
1089 831 1315 901 τούτων,
1372 830 1627 901 ἐξεκάλεε
1670 832 1905 907 πέμπων

306 919 517 997 κήρυκα
565 918 841 995 ὀνομαστὶ
881 921 1063 1001 λέγων
1109 924 1221 980 τῶν
1260 919 1525 1000 Ἀργείων
1568 918 1697 982 τοῦς
1734 924 1793 978 ἐν
1826 926 1904 999 τῷ
1952 966 1959 973 .

303 1010 400 1087 ἱρω
429 1006 826 1088 απεργμένους·
881 1007 1138 1077 ἐξεκαλεε
1169 1008 1243 1078 δὲ,
1280 1007 1393 1082 φας
1432 1006 1610 1068 αύτῶν
1648 1008 1795 1086 ἔχειν
1830 1034 1901 1067 τα

302 1120 524 1153 αποινα·
565 1094 768 1155 ἄποινα
801 1095 918 1154 δέ’
892 1122 1015 1156 εστι
1049 1096 1568 1170 Πελοποννησίοισι
1604 1094 1699 1155 δύο
1739 1098 1900 1171 μνέαι

302 1183 632 1264 τεταγμέναι
681 1182 799 1243 κατ’
841 1182 1017 1262 ἄνδρα
1059 1183 1417 1263 αἰχμάλωτον
1458 1184 1705 1242 ἐκτίνειν·
1758 1208 1899 1243 κατα

301 1270 643 1346 πεντήκοντα,
683 1271 752 1345 δὴ
795 1272 869 1332 ὦν
908 1276 1018 1332 τῶν
1061 1270 1343 1351 Ἀργείων,
1386 1269 1457 1333 ὦς
1506 1270 1775 1333 ἑκάστους
1816 1277 1896 1329 ἐκ·

303 1356 653 1435 καλεύμενος,
711 1358 742 1418 ὁ
798 1360 1125 1435 Κλεομένης
1176 1359 1395 1416 ἔκτεινε·
1455 1361 1631 1419 ταῦτα
1683 1357 1746 1417 δέ
1797 1386 1899 1421 κως

297 1443 563 1523 γινόμενα
595 1445 861 1520 ἐλελήθεε
892 1446 1021 1509 τοῦς
1053 1445 1287 1508 λοιποῦς
1318 1444 1447 1507 τοῦς
1478 1448 1537 1502 ἐν
1566 1448 1642 1523 τῷ
1665 1447 1896 1521 τεμένεϊ·

300 1529 398 1589 ἅτε
436 1531 546 1609 γὰρ
587 1536 799 1591 πυκνοῦ
841 1532 1026 1595 ἐόντος
1065 1535 1169 1591 τοῦ
1212 1530 1437 1600 ἄλσεος,
1486 1531 1587 1591 οὐκ
1641 1531 1791 1606 ὥρων
1844 1538 1899 1593 οἱ

305 1616 458 1680 ἐντὸς
475 1618 605 1680 τοῦς
625 1617 783 1681 ἐκτός
810 1618 841 1677 ὅ
865 1644 921 1678 τι
948 1620 1253 1696 ἔπρησσον,
1274 1620 1405 1696 πρίν
1430 1645 1497 1700 γε
1518 1619 1585 1693 δὴ
1612 1621 1791 1679 αὐτῶν
1813 1646 1898 1684 τις

305 1704 524 1780 σῖναβοὶς
551 1705 641 1764 ἐπὶ
668 1705 888 1782 δένδρος
913 1708 1130 1766 κατεῖδε
1152 1707 1218 1767 vd
1244 1706 1591 1784 ποιεύμενον·
1632 1706 1807 1767 οὔκων
1826 1709 1897 1784 δή

209 1801 286 1855 80
302 1794 381 1851 ἔτι
415 1792 744 1868 καλεόμενοι
779 1794 1032 1873 ἐξῄεσαν.
1113 1793 1389 1855 Ἑνθαῦτα
1416 1793 1485 1871 δὴ
1513 1793 1545 1853 ὅ
1572 1796 1897 1871 Κλεομένης

305 1880 524 1939 ἐκέλευε
563 1880 746 1941 πάντα
783 1882 908 1941 τινοῖ
946 1886 1058 1942 τῶν
1089 1882 1355 1941 εἱλωτέων
1386 1882 1653 1958 περινέειν
1680 1881 1791 1960 ὕλῃ
1828 1882 1895 1949 τὰ

297 1966 496 2029 ἄλσος·
536 1970 648 2027 τῶν
675 1968 733 2027 δὲ
761 1970 1117 2046 πειθομένων,
1146 1969 1415 2046 ἐνέπρησε
1434 1968 1501 2028 τό
1521 1967 1719 2031 ἄλσος·
1748 1996 1894 2028 καιο-

296 2054 466 2131 μένου
492 2055 551 2114 δὲ
575 2054 697 2131 ἤδη,
727 2057 974 2132 ἐπείρετο
997 2060 1109 2115 τῶν
1132 2082 1257 2117 τινα
1276 2056 1618 2133 αὐτομόλων,
1638 2057 1787 2119 τίνος
1811 2060 1895 2134 εἴη

299 2143 437 2201 θεῶν
475 2142 543 2202 vd
583 2141 795 2213 ἅλσος;
847 2143 879 2203 ὁ
926 2144 985 2202 δὲ
1031 2144 1143 2219 ἔφη
1178 2143 1393 2224 Ἀργου
1436 2144 1591 2203 εἶναι·
1641 2144 1673 2203 ὁ
1709 2145 1780 2227 ,δὲ
1826 2146 1896 2208 ὥς

294 2229 518 2305 ἤκουσε,
545 2230 922 2301 αναστεναξας
951 2233 1100 2313 μέγα
1140 2231 1279 2291 εἶπε·
1322 2241 1357 2267 “
1375 2230 1418 2289 ὦ
1439 2230 1734 2291 Απολλον
1759 2259 1895 2311 χρη-

297 2318 508 2396 στήριε,
557 2318 594 2395 ἦ
641 2320 900 2401 μεγαλως
944 2345 1018 2397 με
1063 2318 1352 2395 ἠπάτηκας
1401 2318 1649 2395 φάμενος
1683 2318 1894 2400 Ἀργος

297 2408 568 2483 αἱρήσειν·
619 2407 1034 2485 συμβάλλομαι
1075 2406 1122 2465 δ’
1166 2406 1377 2481 ἐξήκειν
1416 2432 1516 2483 μοι
1554 2432 1620 2465 το
1646 2407 1891 2517 χρηστή-

200 2496 270 2551 81
295 2520 434 2570 ριον.
436 2494 467 2514 ”
550 2495 713 2554 Μετα
754 2495 813 2554 δὲ
851 2500 1042 2565 ταῦτα,
1073 2493 1106 2554 ὁ
1134 2494 1460 2570 Κλεομένης
1485 2494 1588 2569 τὴν
1612 2497 1714 2570 μὲν
1738 2495 1893 2553 πλέω

297 2582 567 2658 στρατιήν
621 2580 798 2657 αἶπῆκε
847 2582 1065 2641 ἀπιέναι
1123 2585 1177 2644 ἐς
1226 2580 1508 2658 Σπάρτην·
1562 2581 1781 2661 χιλίους
1834 2581 1894 2639 δὲ

296 2666 461 2729 αύτός
503 2667 702 2743 λαβῶν
738 2669 869 2732 τοῦς
905 2668 1167 2744 ἀριστέας
1202 2667 1291 2743 ἤϊε
1328 2673 1384 2731 ἐς
1416 2668 1485 2728 τό
1525 2668 1761 2745 Ἡραῖον
1800 2668 1893 2729 θύ-

294 2778 428 2813 σων·
481 2754 835 2831 βουλόμενον
881 2755 940 2813 δὲ
987 2754 1157 2813 αὐτὸν
1206 2754 1354 2815 θύειν
1400 2756 1492 2814 ἐπὶ
1543 2760 1645 2815 τοῦ
1691 2757 1892 2833 βωμοῦ

297 2841 329 2900 ὅ
355 2842 502 2919 ἱρεῦς
531 2841 856 2922 ἀπηγόρευε,
887 2841 1002 2917 φας
1029 2840 1129 2900 οῦκ
1157 2841 1319 2901 ὅσιον
1351 2842 1488 2903 εἶναι
1514 2842 1671 2921 ξείνῳ
1698 2842 1893 2903 αὐτόθι

295 2928 461 2987 θύειν·
503 2928 536 2987 ὁ
577 2928 636 2987 δὲ
664 2930 987 3003 Κλεομένης
1021 2928 1123 2987 τᾶν
1161 2931 1281 3004 ἱρέα
1318 2930 1536 2989 ἐκέλευε
1576 2929 1705 2991 τοῦς
1737 2930 1891 2987 εἵλω-

291 3039 390 3075 τας
434 3014 546 3073 οἷπό
592 3017 693 3072 τοῦ
739 3016 939 3090 βωμοῦ
987 3014 1309 3093 ἀπάγοντας
1360 3018 1743 3095 μαστιγῶσαι·
1799 3018 1891 3073 καὶ

295 3098 458 3161 αύτός
499 3101 678 3167 ἔθυσε,
707 3100 954 3173 ποιήσας
993 3100 1054 3157 δὲ
1092 3105 1268 3159 ταῦτα
1302 3099 1467 3173 ἀπήῖε
1496 3106 1549 3161 ἐς
1574 3101 1679 3174 τήν
1704 3102 1889 3177 Σπάρ-

199 3182 276 3237 82
291 3206 412 3253 την.
493 3184 878 3258 Νοστήσαντα
921 3186 983 3244 δέ
1025 3180 1123 3261 μιν
1168 3186 1385 3263 ὑπῆγον
1434 3190 1486 3242 οἱ
1536 3188 1729 3261 ἐχθροὶ
1776 3188 1887 3243 ὖπό

290 3264 419 3327 τοῦς
449 3268 699 3342 ἐφόρους,
737 3271 980 3341 φάμενοί
999 3296 1098 3343 μιν
1130 3270 1589 3343 δωροδοκήσαντα
1626 3270 1727 3326 οὐκ
1770 3272 1887 3328 ἐλέ-
