2192 3409
293 98 509 162 31—36]
922 96 1291 145 lIOA'I'MNIA.
1801 100 1890 149 137

293 179 526 239 ἐπύθετο
567 177 794 255 Ξέρξης,
827 176 975 235 δεινὰ
1015 175 1359 253 ποιεύμενος,
1398 175 1499 237 τὸν
1536 174 1891 253 Ἑλλήσπον-

289 292 388 325 τον
431 264 650 324 ἐκέλευε
690 264 1018 341 τριηκοσίας
1047 264 1341 325 ἐπικέσθαι
1380 264 1617 345 μάστιγι
1652 266 1890 347 πληγὰς,

291 353 383 411 καὶ
423 357 666 413 κατεῖναι
699 356 754 415 ἐς
779 378 844 412 το
873 352 1122 433 πέλαγος
1147 352 1353 412 πεδέων
1394 354 1603 433 ζεῦγος.
1684 352 1791 429 ἤδη
1831 354 1889 413 δὲ

289 440 508 517 ἥκουσα
534 468 604 504 ως
632 442 722 499 καὶ
749 441 976 521 στιγέας
1001 438 1119 517 ἅμα
1155 440 1407 501 τούτοισι
1434 440 1729 519 ἀπέπεμψε
1771 444 1887 501 στί-

290 531 488 599 ξοντας
525 529 624 589 τόν
655 526 1106 603 Ἑλλήσποντον·
1151 530 1473 587 ἐνετέλλετο
1516 528 1583 604 δή
1624 528 1695 589 ὧν
1731 530 1890 606 ῥαπι-

300 620 485 688 ζοντας
509 617 698 698 λέγειν
714 615 994 694 βάρβαρά
1015 642 1078 677 τε
1106 617 1197 675 καὶ
1224 616 1543 675 ἀτάσθαλα·
1574 626 1608 653 “
1626 615 1667 674 ὦ
1693 642 1891 694 πικρον

297 705 449 783 ὁδωρ,
477 703 755 781 δεσπότης
781 730 870 765 τοι
897 703 1052 779 δίκην
1075 706 1310 764 ἐπιτιθεῖ
1333 704 1579 779 τήνδε,
1542 730 1627 763 οτι
1652 730 1751 781 μιν
1776 704 1957 780 ἡδί-
1908 705 1933 737 ‘⁸
1955 708 1979 748 l

293 818 468 868 κησας
499 791 656 853 οὐδὲν
695 792 838 869 πρός
877 794 1086 851 ἐκείνου
1126 792 1315 853 ἄδικον
1354 791 1553 853 παθόν·
1597 792 1688 851 καὶ
1710 794 1889 868 βασι·
1928 806 1933 810 ’
1984 814 1989 821 “

291 880 419 943 λεπὶς
447 883 552 957 μὲν
575 881 788 958 Ξέρξης
815 880 1158 956 διαβήσεταί
1196 908 1282 951 σε,
1310 880 1379 957 ἥν
1410 908 1472 941 τε
1504 880 1581 940 σύ
1606 906 1673 962 γε
1697 880 1887 960 βούλῃ

289 967 358 1043 ἤν
391 994 456 1028 τε
494 968 594 1046 μή·
637 970 734 1029 σοὶ
775 970 836 1029 δὲ
877 970 1018 1028 κατοὶ
1057 969 1281 1045 δίκην’ν
1238 996 1353 1047 upa
1386 969 1563 1031 οὐδεὶς
1586 966 1885 1045 ἀνθρώπων

231 1050 240 1059 ’
289 1056 494 1127 θύει,
455 1084 525 1119 ως
551 1056 696 1117 ἐόντι
723 1058 934 1138 δολερῷ
971 1084 1033 1117 τε
1071 1059 1164 1116 καὶ
1206 1058 1433 1136 ἁλμυρῷ
1464 1060 1713 1135 ποταμῷ·
1714 1054 1745 1075 ”
1783 1056 1887 1132 τήν

288 1170 352 1202 τε
391 1144 460 1219 δή
505 1144 808 1223 θαλασσαν
851 1148 1173 1206 ἐνετέλλετο
1212 1145 1465 1205 τούτοισι
1504 1146 1751 1221 ζημιοῦν,
1796 1145 1887 1204 καὶ

289 1236 401 1291 τῶν
427 1232 778 1293 ἐπεστεώτων
802 1238 874 1312 τῇ
901 1233 1046 1305 ζευξι
1079 1238 1182 1294 τοῦ
1202 1232 1638 1345 Ἑλλησπόντου
1678 1231 1885 1291 ἀποτα-

288 1323 416 1394 μεῖν
443 1320 542 1384 τάς
573 1321 846 1398 κεφαλάς.
930 1323 1045 1381 Καὶ
1073 1325 1127 1381 οἱ
1153 1324 1258 1399 μὲν
1280 1326 1457 1382 ταῦτα
1489 1320 1705 1379 ἐποίεον
1734 1324 1885 1379 τοῖσι
1904 1322 1980 1379 36

289 1409 628 1483 προσεκέετο
651 1409 870 1486 αὖα-η’
831 1436 872 1485 η
899 1408 1095 1489 ἄχαρις
1120 1409 1275 1487 τιμή·
1316 1436 1415 1473 τας
1442 1408 1501 1468 δὲ
1526 1407 1697 1467 αλλοι
1729 1406 1883 1487 ἀρχι-

289 1498 540 1560 τέκτονες
579 1498 930 1578 ἐζεύγνυσαν·
973 1498 1307 1580 ἐζεύγνυσαν
1339 1498 1397 1557 δὲ
1430 1495 1552 1556 ὦδε·
1592 1520 1887 1572 πεντηκον-

289 1584 482 1659 τέρους
509 1586 602 1643 καὶ
625 1584 880 1662 τριήρεας
901 1586 1207 1658 συνθέντες,
1228 1584 1337 1644 ‘dn-6
1364 1587 1467 1661 μὲν
1492 1584 1594 1661 τήν
1619 1584 1759 1661 πρός
1784 1589 1886 1644 τοῦ

291 1670 554 1740 Εὐξείνου
594 1670 836 1753 Πόντου
861 1672 1129 1749 ἐξήκοντά
1168 1698 1228 1733 τε
1269 1674 1361 1731 καὶ
1402 1673 1737 1750 τριηκοσίας,
1772 1670 1885 1731 ’ὑπὸ

292 1759 352 1817 δὲ
377 1759 482 1835 τήν
507 1760 694 1835 ἑτέρην
732 1761 1239 1837 τεσσερεσκαῶεκα
1282 1762 1373 1819 καὶ
1410 1761 1748 1837 τριηκοσίας,
1784 1763 1886 1819 τοῦ

289 1848 394 1923 μὲν
420 1846 642 1907 Πόντου
677 1848 1004 1928 ἐπικαρσίας
1041 1851 1143 1923 τοῦι
1184 1848 1243 1907 δὲ
1282 1848 1711 1923 Ἑλλησπόντου
1746 1846 1886 1907 κατοὶ

289 1934 436 2009 ῥόον,
461 1934 560 1994 ἵνα·
573 1934 892 2015 ἀνακωχεύῃ
917 1935 1018 1996 τόν
1041 1935 1208 1996 τόνον
1232 1940 1342 1996 τῶν
1360 1935 1567 1995 ὅπλων·
1594 1936 1887 1997 συνθέντες

291 2022 364 2090 δὲ,
395 2022 638 2103 α’,γκύρας
664 2028 908 2099 κατῆκαν
933 2022 1451 2100 περιμήκεας-τᾶς
1472 2026 1576 2101 μὲν
1608 2023 1749 2100 πρὸς
1786 2027 1887 2083 τοῦ

293 2108 514 2169 Πόντου
541 2115 643 2187 τῆς
667 2111 868 2187 ἑτέρης,
899 2114 1010 2170 τῶν
1049 2110 1266 2187 οἷνέμων
1304 2112 1504 2171 εἵνεκεν
1540 2116 1652 2172 τῶν
1678 2110 1883 2169 ἔσωθεν

290 2198 638 2268 ἐκπνεόντων,
665 2201 766 2273 τῆς
793 2198 852 2256 δὲ
879 2199 1066 2273 ἑτέρης
1102 2198 1249 2279 [τῆς]
1274 2199 1415 2276 πρὸς
1443 2200 1681 2275 ἑσπέρης
1704 2224 1766 2257 τε
1793 2199 1885 2255 καὶ

287 2288 389 2342 τοῦ
425 2284 904 2364 Αἶγαίουω-εῧρου
942 2310 1006 2343 τε
1037 2286 1131 2343 καὶ
1158 2286 1321 2345 νότου
1349 2288 1547 2345 εἵνεκα·
1589 2286 1888 2344 διέκπλοον

289 2372 350 2429 δὲ
373 2370 702 2447 ὑπόφαυσιν
733 2373 1031 2431 κατέλιπον
1054 2377 1165 2432 τῶν
1190 2374 1631 2449 πεντηκοντέρων
1657 2372 1748 2429 καὶ
1773 2396 1886 2447 τρι-

287 2462 413 2536 χοῦ,
445 2458 534 2518 ἵνα
561 2459 653 2517 καὶ
679 2464 735 2521 ἐς
758 2459 857 2520 τόν
883 2459 1105 2521 Πόντον
1134 2462 1235 2539 ἔχῃ
1261 2460 1291 2520 ὁ
1318 2459 1669 2537 βουλόμενος
1692 2460 1887 2519 πλέειν

287 2547 544 2607 πλοίοισι
585 2551 866 2617 λεπτοῖσι,
910 2548 1003 2607 καὶ
1045 2553 1105 2607 ἐκ
1148 2552 1249 2607 τοῦ
1284 2547 1511 2607 Πόντου
1551 2547 1670 2616 ἔξω·
1711 2550 1887 2629 ταῦτα

289 2634 349 2693 δὲ
373 2634 721 2710 ποιήσαντες,
749 2636 1060 2697 κατέτεινον
1087 2640 1149 2695 ἐκ
1174 2640 1279 2715 γῆς
1304 2636 1715 2711 στρεβλοῦντες
1746 2634 1887 2695 ὄνοι-

291 2740 353 2780 σι
379 2722 656 2791 ξυλίνοισι
672 2724 743 2783 τοὶ
761 2723 932 2795 ὅπλα,
955 2723 1137 2783 οὐκέτι
1160 2723 1329 2803 χωρὶς
1354 2722 1585 2799 ἑκάτερα
1608 2722 1885 2792 τάξαντες,

291 2808 443 2869 οἷλλοὶ
469 2809 570 2869 δύο
594 2813 698 2887 μὲν
716 2812 1042 2871 λευκολίνου
1063 2811 1368 2887 δασάμενοι
1396 2816 1451 2872 ἐς
1466 2812 1743 2887 ἑκατέρην,
1758 2810 1886 2869 τέσ-

292 2914 431 2974 σερα
473 2898 532 2957 δὲ
573 2903 684 2959 τῶν
729 2900 1044 2976 βυβλίνων·
1093 2896 1348 2975 παχύτης
1391 2900 1493 2973 μὲν
1532 2897 1570 2972 ἦ
1612 2895 1753 2970 αὕτη
1797 2895 1889 2953 καὶ

291 2985 560 3062 καλλονή,
587 3011 730 3045 κατα
767 2985 942 3065 λόγον
983 2984 1117 3043 δὲ’
1081 3011 1151 3061 ην
1178 2985 1589 3060 ἐμβριθέστερα
1614 2983 1685 3041 τοὶ
1710 2983 1887 3041 λίνεα·

291 3077 389 3132 τοῦ
413 3072 748 3135 τάλαντονι
716 3100 749 3133 ο
775 3076 959 3149 πῆχυς
985 3073 1155 3131 εἷλκε.
1239 3070 1425 3145 ἐπειδὴ
1465 3071 1524 3129 δὲ
1560 3068 1885 3151 ἐγεφυρώθη

289 3160 323 3219 3
349 3160 538 3237 πόρος,
561 3185 802 3238 κορμους
825 3159 1006 3229 ξύλων
1033 3157 1473 3235 καταπρίσαντες
1500 3158 1591 3216 καὶ
1617 3154 1887 3231 ποιήσαν-

289 3272 381 3311 τες
415 3250 574 3311 ἴσους
607 3252 708 3323 τῆς
743 3248 972 3324 σχεδίης
1012 3245 1088 3321 τῷ
1131 3245 1289 3322 εὔρεϊ,
1326 3246 1519 3319 κόσμῳ
1558 3244 1885 3307 ἐπετίθεσαν
