2192 3409
732 377 1480 534 ἨΡΟΔΟΤΟΥ

571 644 1090 714 ἹΣΤΟΡΙΩΝ
1181 649 1572 715 ΟΓΔΟΗ.

900 946 1300 1007 οΥΡΑΝῙΑ.·

267 1068 297 1128 1
414 1074 495 1129 01
522 1068 581 1129 δὲ
606 1065 897 1143 Ἑλλήνιον
930 1072 987 1131 ἐς
1020 1068 1120 1129 τόν
1146 1070 1402 1131 ναυτικὸν
1427 1068 1672 1147 στρατόν
1697 1068 1929 1147 ταχθέν-

332 1180 423 1219 τες
478 1154 628 1233 ἦσαν
688 1155 822 1215 οἶδε·
880 1154 1168 1231 Ἀθηναῖοι
1213 1159 1334 1233 μὲν,
1379 1158 1505 1219 νέας
1557 1154 1930 1233 παρεχόμενοι

311 1242 475 1303 -ἑπτιὶ
513 1244 607 1305 καὶ
647 1245 825 1303 εἴκοσι
864 1244 959 1303 καὶ
990 1243 1204 1305 ἑκατόν·
1245 1242 1356 1305 ὖπό
1395 1245 1456 1303 δὲ
1495 1243 1696 1321 σ’ρετῆς
1733 1268 1796 1301 τε
1835 1245 1930 1302 καὶ

316 1333 649 1408 ,προθυμίης
680 1332 1009 1400 Πλαταιέες,
1052 1330 1270 1407 ἄπειροι
1301 1336 1404 1408 τῆς
1437 1335 1693 1404 ναυτικῆς
1731 1328 1926 1403 ἐόντες,

314 1420 723 1497 συνεπλήρουν
756 1423 910 1479 τοῖσι
941 1418 1292 1495 Ἀθηναίοισι
1325 1446 1430 1482 τας
1453 1419 1598 1481 νέας·
1640 1418 1929 1499 Κορίνθιοι

338 1506 397 1565 δὲ
413 1506 827 1583 τεσσεράκοντα
840 1507 965 1571 νέας
980 1506 1334 1585 παρείχοντο·
1355 1507 1642 1587 Μεγαρέες
1655 1506 1782 1564 δὲ’
1731 1530 1928 1564 εικοσι·

340 1594 431 1653 καὶ
457 1594 761 1658 Χαλκιδέες
780 1594 1059 1671 ἐπλήρουν
1085 1595 1280 1667 εἴκοσι,
1307 1593 1614 1671 Ἀθηναίων
1634 1599 1746 1669 σφι
1763 1619 1930 1670 παρε-

338 1679 551 1759 χόντων
574 1680 673 1743 τὰς
698 1682 839 1744 νέας·
878 1686 1170 1763 Αἰγινῆται
1201 1682 1261 1741 δὲ
1297 1680 1686 1741 ὀκτωκαίδεκα·
1729 1680 1930 1744 Σικυώ-

340 1794 449 1828 νιοι
476 1768 535 1835 δὲ
560 1767 817 1827 δυώδεκα·
858 1769 1285 1845 Λακεδαιμόνιοι
1311 1769 1372 1828 δὲ
1397 1769 1548 1828 δέκα·
1587 1768 1930 1843 Ἐπιδαύριοι

338 1856 398 1915 δὲ
438 1854 601 1916 ὀκτώ·
646 1854 946 1933 Ἐρετριέες
984 1856 1045 1917 δὲ
1086 1856 1245 1917 ἔτι-τά·
1297 1855 1610 1935 Τροιζήνιοι
1650 1856 1710 1915 δὲ
1748 1856 1928 1915 πέντε·

346 1944 577 2021 Στυρέες
617 1944 677 2003 δὲ
716 1944 833 2004 δύο·
874 1946 967 2005 καὶ
1008 1948 1172 2004 Κεῖοι
1209 1943 1308 2005 δύο
1347 1970 1410 2005 τε
1449 1946 1574 2007 νέας
1613 1944 1702 2003 καὶ
1735 1946 1929 2019 πέντη-

341 2032 627 2108 κοντέρους
652 2030 769 2091 δύο·
804 2032 1017 2106 Λοκροὶ
1043 2033 1108 2092 δέ
1140 2037 1252 2108 σφι
1288 2034 1342 2092 οἱ
1375 2031 1696 2092 Ὀπούντιοι
1723 2031 1932 2106 ἐπεβώ-

342 2120 488 2188 θεον,
516 2120 967 2198 πεντεκοντέρους
992 2120 1210 2199 ἔχοντες
1235 2120 1394 2180 ἑπτά.

271 2210 309 2267 2
402 2205 604 2269 Ἠσαν
641 2210 745 2285 μὲν
786 2206 860 2270 ὧν
896 2204 1049 2268 οὗτοι
1085 2210 1142 2268 οἱ
1165 2208 1598 2287 στρατευόμενοι
1627 2206 1711 2267 ἐπ’
1746 2206 1932 2283 Ἀρτε-

338 2295 553 2373 μίσιον·
583 2297 791 2374 εἴρηται
811 2296 874 2356 δέ
889 2322 989 2373 μοι
1016 2296 1109 2355 καὶ
1135 2294 1208 2359 ὥς
1232 2296 1300 2355 τὰ
1325 2297 1546 2371 πλῆθος
1573 2296 1800 2354 ἕκαστοι
1825 2298 1934 2355 τῶν

342 2387 476 2444 νεῶν
525 2385 879 2465 παρείχοντο·
932 2383 1166 2461 οἶριθμός
1219 2383 1279 2442 δὲ
1328 2388 1440 2443 τῶν
1485 2381 1934 2461 συλλεχθεισέων

334 2475 476 2539 ,νεῶν
502 2471 587 2531 ἐπ’
625 2472 982 2549 Ἀρτεμίσιον
1016 2469 1102 2547 ἦν,
1131 2472 1312 2548 πάρεξ
1343 2475 1454 2531 τῶν
1478 2470 1930 2546 πεντηκοντέρων,

340 2560 446 2635 μία
472 2559 563 2618 καὶ
588 2560 976 2636 ἑβδομήκοντα
1002 2559 1093 2617 καὶ
1120 2557 1417 2634 διηκόσιαι.
1488 2558 1588 2619 τᾶν
1613 2558 1673 2617 δὲ
1698 2582 1934 2633 στρατη-

340 2644 448 2725 γὸν
497 2646 595 2706 τὸν
644 2647 710 2705 vd
762 2647 1033 2727 μέγιστον
1086 2644 1287 2723 κράτος
1346 2648 1546 2725 ἔχοντα
1603 2644 1936 2723 παρείχοντο

348 2732 709 2808 Σπαρτιῆται,
752 2733 1108 2810 Εὐρυβιάδεα
1147 2733 1248 2793 τόν
1287 2732 1683 2817 Εὐρυκλείδεω.
1732 2734 1786 2792 οἱ
1829 2730 1936 2813 γὰρ

346 2816 640 2895 σύμμαχοι
672 2845 771 2879 ουκ
808 2822 1047 2894 ἔφασαν,
1080 2819 1150 2895 ἢι
1187 2845 1268 2896 μη
1309 2820 1341 2879 ὁ
1382 2820 1584 2879 Λάκων
1613 2817 1936 2902 ἡγεμονεύῃ,

346 2902 697 2979 Ἀθηναίοισι
736 2907 975 2983 ἕψεσθαι
1012 2906 1385 2987 ιἡγεομένοισι,
1429 2906 1586 2965 α’λλοὶ
1625 2908 1823 2965 λύσειν
1874 2904 1938 2963 τὰ

278 2993 315 3049 3
341 2992 559 3067 μέλλον
610 2993 843 3053 ἔσεσθαι
902 2991 1242 3070 στράτευμα.
1349 2992 1606 3073 Ἐγένετο
1659 2992 1770 3071 γὰρ
1825 2990 1940 3049 κατ’

347 3076 527 3155 οἷρχοὶς
564 3078 752 3157 λόγος,
793 3079 925 3155 πρὶν
963 3077 1001 3153 ἢ
1042 3079 1136 3139 καὶ
1169 3084 1223 3142 ἐς
1260 3080 1522 3153 Σικελίην
1563 3080 1803 3153 πέμπειν
1852 3079 1940 3135 ἐπὶ

349 3165 691 3240 συμμαχίην,
738 3164 807 3225 ὥς
851 3163 917 3223 τό
959 3166 1213 3223 ναυτικὸν
1251 3163 1601 3239 Ἀθηναίοισι
1641 3163 1811 3239 χρεὸν
1859 3164 1940 3237 εἴη
