2192 3409
301 116 400 163 ιιι
935 112 1302 162 ἫΡοΔοΤοτ
1776 112 1898 178 [VI.

301 191 450 251 αἴτεε
479 190 676 253 ἔκατὸν
698 190 966 261 τάλαντα,
994 190 1125 267 φὰς,
1151 190 1223 266 ἢν
1247 190 1330 268 μή
1356 194 1411 251 οἱ
1434 190 1592 263 ὃῶσι,
1620 192 1720 253 οὖκ
1761 192 1899 253 ἅπα-

303 279 610 355 ναστήσειν
639 279 742 355 τὴν
784 278 1054 357 στρατιήν
1093 280 1227 356 πρὶν
1250 276 1288 354 ἦ
1316 280 1482 358 ἐξέλῃ
1515 280 1719 355 σφέας·
1762 284 1816 341 οἳ
1844 282 1903 341 δὲ

304 368 510 443 Πάριοι
561 366 699 429 ὅκως
743 368 847 443 μέν
893 392 950 426 τι
1003 365 1253 425 δώσουσι
1300 366 1587 445 Μιλτιάδῃ
1640 366 1904 448 α’ργυρίου

304 454 430 515 οὐδὲ
457 455 778 515 διενοεῦντο·
823 457 876 513 οἱ
902 453 1025 513 δὲ’
994 480 1132 516 οκως
1165 453 1578 529 διαφυλάξουσι
1603 481 1709 529 την
1734 456 1905 515 πόλιν

301 546 468 601 τοῦτο
509 545 767 619 ἐμηχανιῖ
771 566 882 609 :ra-o,
925 538 1080 601 ἅλλα
1122 566 1185 600 τε
1228 540 1661 618 ἐπιφραζόμενοι
1702 543 1795 601 καὶ
1830 548 1902 621 τῇ

304 628 616 704 μάλιστ-α’
587 653 716 687 εσκε
743 628 1011 688 ἑκάστοτε
1037 628 1316 707 ἐπίμαχον
1350 631 1452 688 τοῦ
1482 630 1709 707 τείχεος,
1736 633 1903 690 τοῦτο

213 714 382 774 134‘
347 741 464 791 αμα
489 716 644 775 νυκτὶ
671 714 896 794 ἐξῄρετο
921 714 1228 791 διπλήσιον
1251 719 1352 776 τοῦ
1378 715 1635 795 ἀρχαίου.
1691 714 1787 780 Ἐς
1800 742 1904 793 μεν

305 801 374 877 δὴ
414 807 658 862 τοσοῦτο
696 808 796 863 τοῦ
837 802 1014 885 λόγου
1043 806 1098 862 οἱ
1123 803 1327 867 πάντες
1342 803 1620 879 Ἕλληνες
1646 805 1900 885 λέγουσι·

305 889 372 950 τό
405 890 652 951 ἐνθεῦτεν
681 891 742 951 δὲ
769 890 926 950 αὐτοὶ
953 890 1161 967 Πάριοι
1197 892 1462 972 γενέσθαι
1502 889 1606 950 ὦδε
1645 892 1899 973 λέγουσι·

307 978 592 1057 Μιλτιάδῃ
634 977 928 1056 ἀπορέοντι
971 978 1157 1038 ἐλθεῖν
1198 984 1255 1041 ἐς
1295 978 1498 1060 λόγους
1546 979 1902 1057 αἰχμάλωτον

303 1069 555 1145 γυναῖκα,
599 1071 807 1127 ἐοῦσαν
849 1070 954 1144 μὲν
998 1066 1221 1143 Παρίην
1260 1066 1437 1146 γένος,
1485 1065 1695 1142 οὕνομα
1742 1066 1805 1125 δέ
1848 1070 1901 1126 οἱ

307 1153 445 1213 εἶναι
464 1158 693 1229 Τιμοῦν·
737 1155 875 1215 εἶναι
895 1154 954 1213 δὲ
977 1152 1323 1229 υποζάκορον
1346 1158 1457 1214 τῶν
1481 1153 1717 1231 χθονίων
1744 1155 1898 1214 θεῶν·

303 1242 510 1318 ταύτην
545 1242 606 1302 δὲ
641 1244 975 1303 ἐλθοῦσαν’
949 1268 1005 1305 ες
1030 1242 1162 1319 ὄψιν
1188 1240 1509 1300 Μιλτιάδεω
1546 1243 1901 1317 συμβουλεῦ-

307 1330 413 1388 σαί
435 1355 504 1400 οι,
535 1335 582 1390 εἰ
607 1331 735 1407 περὶ
761 1332 982 1390 πολλοῦ
1019 1330 1267 1389 ποιέεται
1294 1328 1490 1404 Πάρον
1528 1330 1706 1437 ἑλεῖν,
1726 1354 1799 1387 τα
1833 1354 1901 1387 αν

305 1415 449 1491 αυτ-ἠ
475 1416 754 1493 υποθῆται
779 1420 954 1477 ταῦτα
980 1417 1205 1476 ποιέειν·
1246 1441 1388 1491 μετα
1416 1415 1490 1485 δὲ,
1510 1414 1614 1489 τήν
1639 1440 1743 1491 μεν
1766 1440 1897 1473 υπο-

308 1505 526 1573 θέσθαι,
553 1505 653 1564 τόν
677 1504 738 1563 δὲ
763 1502 1101 1580 ἀπικόμενον
1127 1504 1218 1561 ἐπὶ
1243 1502 1345 1563 τὸν
1372 1502 1615 1563 κολωνόν
1650 1500 1751 1561 τόν
1788 1502 1897 1578 πρό

308 1594 407 1664 τῆς
447 1591 650 1653 πόλιος
689 1589 852 1650 ἐόντα
895 1590 962 1649 τὸ
1003 1591 1159 1667 ἕρκος
1197 1588 1560 1666 θεσμοφόρου
1604 1588 1900 1697 Δήμητρος

310 1677 680 1754 ὑπερθορέειν,
707 1703 773 1737 ου
813 1678 1115 1755 δυνάμενον
1144 1704 1245 1741 τας
1272 1678 1441 1753 θυρας
1464 1676 1697 1747 ἀνοῖξαι·
1736 1702 1899 1754 υπερ-

308 1764 548 1841 θορόντα
573 1766 680 1825 δε’
661 1766 797 1825 ιε’ναι
824 1767 914 1825 ἐπὶ
939 1792 1006 1826 το
1032 1766 1281 1847 μέγαρον
1317 1764 1349 1825 ὅ
1387 1790 1445 1825 τι
1479 1763 1548 1840 δή
1589 1763 1901 1839 ποιήσοντα

308 1852 478 1922 ἐντὸς,
507 1853 614 1913 εἴτε
655 1852 954 1929 κινήσοντά
991 1879 1048 1913 τι
1086 1857 1197 1913 τῶν
1236 1852 1504 1929 ἀκινήτων
1530 1852 1640 1911 εἴτε
1664 1852 1697 1911 ὅ
1721 1877 1777 1911 τι
1803 1849 1893 1925 δή·

307 1965 445 1999 ποτε
473 1939 775 2017 πρήξοντα·
816 1940 958 2017 πρὸς
992 1945 1129 2019 τῇσι
1158 1941 1365 2020 θύρῃσί
1398 1965 1461 1999 τε
1498 1939 1776 2020 γενέσθαι,
1804 1938 1895 1995 καὶ

305 2026 550 2101 πρόκατε
575 2028 777 2105 φρίκης
801 2027 972 2088 αὐτόν
994 2028 1366 2105 ὑπελθούσης,
1389 2027 1572 2087 ὀπίσω
1596 2026 1699 2102 τὴν
1724 2024 1896 2099 αὐτὴν

307 2112 440 2173 ὁδὸν
481 2114 682 2175 ἵεσθαι·
738 2115 1203 2191 καταθρώσκοντα
1244 2116 1305 2175 δὲ
1345 2115 1451 2190 τήν
1486 2113 1755 2190 αἱμασιὴν
1797 2112 1897 2173 τόν

305 2200 486 2277 μηρόν
509 2203 858 2278 σπασθῆναι·
901 2206 954 2263 οἶ
980 2203 1040 2263 δὲ
1065 2202 1235 2263 αὐτόν
1258 2200 1325 2262 τό
1351 2201 1488 2283 γόνυ
1508 2204 1895 2277 προσπταῖσαι

219 2290 328 2347 135
351 2289 605 2371 λέγουσι.
687 2290 1004 2367 Μιλτβῖὃης
1038 2291 1143 2367 μέν
1184 2316 1282 2351 νυν
1318 2288 1581 2365 φλαύρως
1616 2290 1755 2367 ἔχων
1792 2288 1895 2346 οἷπ-

308 2376 472 2437 έπλεε
512 2377 711 2448 ὀπίσω,
739 2377 867 2437 οὔτε
902 2377 1167 2456 χρήματα
1202 2376 1551 2452 Ἀθηναίοισι
1591 2376 1739 2457 ἄγων
1776 2376 1900 2435 οὕτε

311 2464 507 2541 Πάρον
549 2465 1066 2543 προσκτησάμενος,
1114 2463 1269 2524 ἀλλὰ
1312 2464 1699 2539 πολιορκήσας
1738 2490 1801 2523 τε
1844 2464 1904 2532 ἓξ

309 2552 402 2607 καὶ
439 2552 616 2609 εἴκοσι
650 2551 860 2629 ἡμέρας
895 2552 986 2609 καὶ
1023 2551 1265 2627 Sumo-ae
1287 2550 1390 2625 τὴν
1418 2554 1613 2626 νῆσον.
1697 2552 1905 2626 Πάριοι

309 2634 369 2693 δὲ
407 2637 712 2713 πυθόμενοι
746 2638 818 2701 ὦς
841 2638 880 2714 ἦ
905 2638 1251 2715 ὖποζάκορος
1272 2642 1383 2699 τῶν
1411 2638 1551 2698 θεῶν
1576 2637 1731 2714 Τιμῶ
1757 2642 1906 2696 Μιλ-

307 2721 467 2800 τιάδῃ
525 2725 902 2804 κατηγήσατο,
956 2725 1307 2803 βουλόμενοί
1357 2750 1456 2803 μιν
1518 2725 1643 2785 α’ντὶ
1700 2724 1908 2785 τούτων

308 2808 756 2885 τιμωρήσασθαι,
800 2812 1146 2890 θεοπρόπους
1188 2814 1479 2890 πέμπουσι
1524 2818 1581 2875 ἐς
1624 2811 1908 2888 Δελφοῦς,

311 2895 382 2958 ὥς
421 2903 606 2972 σφεας
644 2898 858 2978 ἡσυχίη
882 2905 983 2976 τῆς
1007 2901 1337 2977 πολιορκίης
1364 2901 1517 2978 ἔσχε·
1560 2902 1810 2976 ἔπεμπον
1848 2899 1909 2958 δὲ

313 2986 777 3060 ἐπειρησομένους
825 2990 874 3045 εἰ
919 2986 1369 3064 καταχρήσονται
1413 2986 1515 3061 τὴν
1564 2986 1911 3062 ὑποζάκορον

309 3072 420 3127 τῶν
480 3071 620 3130 θεῶν
679 3096 750 3134 ως
807 3073 1232 3151 ἐξηγησαμένην
1289 3076 1443 3130 τοῖσι
1499 3073 1758 3149 ἐχθροῖσι
1809 3078 1910 3148 τῆς

313 3155 578 3228 πατρίδος
619 3156 852 3225 αλωσιν,
898 3158 988 3215 καὶ
1030 3184 1103 3215 τα
1147 3163 1202 3218 ἐς
1244 3158 1443 3230 ἔρσενα
1486 3157 1657 3237 γόνον
1696 3156 1911 3234 ἄρρητα

318 3236 410 3309 ἱροὶ
437 3240 762 3315 ἐκφήνασαν
783 3243 1087 3320 Μιλτιάδῃ·
1130 3242 1166 3315 ἠ
1194 3242 1253 3299 δὲ
1274 3242 1461 3316 Πυθίη
1490 3268 1589 3301 ουκ
1616 3243 1693 3315 ἔα,
1724 3247 1909 3315 φᾶσα,
