2192 3409
324 127 603 190 153—156]
961 123 1335 178 noA‘fflmA.
1821 128 1915 177 183

318 208 569 267 τούτοισι
592 208 745 266 τοῖσι
770 207 1077 282 πολέμοισι
1106 206 1207 265 ε’ὠν
1234 206 1266 266 ὁ
1292 206 1481 266 Γέλων
1499 206 1917 283 λαμπρότατος·

318 298 429 354 τῶν
472 294 531 354 δὲ
578 294 735 353 εἶπον
775 294 1003 368 πολίων,
1046 294 1284 353 τουτέων
1323 294 1478 370 πλήν
1521 294 1916 372 Συρηκουσέων

319 381 547 459 οὐδεμία
599 382 845 462 πέφευγε
904 380 1252 457 δουλοσύνην
1311 380 1451 458 πρός
1501 381 1918 459 Ἱπποκράτεος·

320 470 728 546 Συρηκουσίους
763 468 822 527 δὲ
857 469 1152 544 Κορίνθιοί
1175 495 1238 528 τε
1272 470 1364 527 καὶ
1399 474 1732 548 Κερκυραῖοι
1765 467 1917 546 ἐρρύ-

319 583 493 616 σαντο
519 555 675 634 μάχῃ
705 555 1053 618 ἐσσωθέντας
1081 557 1172 615 ἐπὶ
1197 562 1432 635 ποταμῷ
1455 557 1700 635 Ἐλώρῳ.
1769 556 1918 634 ἐρρύ-

319 670 495 704 σαντο
536 644 595 703 δὲ
636 642 790 703 οὗτοι
831 643 921 703 ἐπὶ
959 644 1155 703 τοῖσδε
1191 642 1655 715 καταλλάξαντες,
1699 644 1782 703 ἐπ’
1815 642 1918 723 ᾧτε

318 730 671 809 Ἱπποκράτεϊ
717 730 1051 808 Καμάριναν
1100 732 1510 809 Συρηκουσίους
1557 732 1916 809 παραδοῦναι·

320 820 711 896 Συρηκουσίων
738 818 865 878 δε’
828 845 899 895 ην
926 818 1230 895 Καμάρινα
1253 819 1320 878 τό
1351 818 1604 899 οἷρχαῖον.
1687 818 1784 882 Ὡς
1821 820 1878 879 δὲ
1901 822 2012 879 155

322 908 412 965 καὶ
436 905 807 986 Ἱπποκράτεα
832 905 1278 983 τυραννεύσαντα
1303 907 1404 967 ἶσα
1423 908 1546 965 ἔτεα
1571 933 1648 985 τῳ
1620 906 1920 985 ρ“ιίδελ.<1>εῷ

320 995 623 1073 Κλεάνδρῳ
672 995 955 1069 κατέλαβε
1002 992 1304 1054 ἀποθανεῖν
1351 993 1490 1071 πρός
1531 966 1670 1053 πόλι
1703 992 1918 1073 ’Υβλῃ,

322 1081 809 1159 στρατευσάμενον
829 1083 919 1139 ἐπὶ
943 1082 1073 1144 τούς
1103 1080 1384 1151 Σικελοῧς,
1409 1081 1548 1141 οὕτω
1575 1080 1644 1156 δή
1673 1080 1706 1141 ὁ
1733 1082 1920 1141 Γέλων

320 1174 398 1249 τῷ
416 1170 568 1249 λόγῳ
595 1169 871 1245 τιμωρέων
896 1172 1049 1228 τοῖσι
1072 1168 1472 1246 Ἱπποκράτεος
1498 1168 1664 1227 παισὶ
1689 1167 1916 1228 Εὐκλεί-

323 1257 389 1335 δῃ
416 1283 477 1315 τε
511 1257 602 1315 καὶ
634 1255 952 1336 Κλεάνδρῳ,
983 1255 1048 1314 οὔ
1080 1258 1446 1333 βουλομένων
1468 1260 1579 1316 τῶν
1611 1256 1920 1330 πολιητέων

323 1344 604 1419 κατηκόων
645 1345 723 1403 ἔτι
766 1344 919 1414 εἶναι,
962 1348 1039 1425 τῷ
1076 1345 1230 1425 ἔργῳ,
1273 1343 1342 1405 ὦς
1383 1341 1726 1421 ἐπεκράτησε
1763 1343 1920 1422 μάχῃ

320 1436 429 1491 τῶν
462 1432 709 1502 Γελῶων,
744 1432 886 1509 ἦρχε
928 1430 1095 1495 aia-<33
1136 1431 1530 1509 ἀποστερήσας
1563 1430 1692 1493 τούς
1730 1430 1918 1490 Ἱππο-

324 1520 549 1597 κράτεος
603 1520 821 1581 παῖδας·
874 1519 1019 1595 μετοὶ
1072 1518 1132 1577 δὲ
1183 1522 1350 1578 τοῦτο
1400 1518 1468 1578 τὰ
1523 1518 1750 1595 εὕρημα,
1793 1518 1922 1583 τοῦς

318 1606 600 1687 γαμόρους
633 1608 1001 1683 καλεομένους
1026 1610 1136 1687 τῶν
1164 1607 1552 1683 Συρηκουσίων
1587 1605 1922 1669 ἐκπεσόντας

320 1694 431 1752 ύπό
458 1706 529 1753 τε
550 1699 649 1753 τοῦ
677 1693 856 1770 δήμου
890 1695 983 1755 καὶ
1013 1690 1124 1754 τῶν
1151 1694 1438 1771 σφετέρων
1465 1694 1676 1754 δούλων
1703 1694 1919 1775 (καλεο-

322 1783 513 1861 μένων,
537 1782 596 1839 δὲ
631 1781 1055 1863 Κυλλυρίων)“
1022 1810 1053 1841 ο
1096 1783 1288 1842 Γέλων
1330 1808 1656 1863 καταγαγων
1691 1780 1922 1845 τούτους

242 1904 245 1909 ·
324 1874 384 1927 ἐκ
426 1854 728 1946 Κασμένης
767 1871 964 1934 πόλιος
1006 1875 1061 1933 ἐς
1102 1870 1202 1933 τσῖς
1245 1870 1682 1947 Συρηκούσας,”
1653 1894 1788 1949 εσχε
1829 1871 1923 1929 καὶ

320 1955 541 2021 ταύτας·
598 1956 631 2017 ὁ
676 1986 785 2039 γαρ
829 1959 1005 2036 δῆμος
1046 1957 1077 2019 ὁ
1121 1963 1231 2019 τῶν
1281 1959 1670 2035 Συρηκουσέων
1713 1958 1922 2019 ἐπιόντι

321 2046 529 2106 Γέλωνι
575 2048 872 2124 παραδιδοῖ
912 2072 1017 2155 την
1059 2046 1228 2105 πόλιν
1271 2046 1362 2105 καὶ
1412 2046 1626 2105 εωυτόν.
1707 2044 1776 2104 O
1820 2046 1879 2105 δὲ
1900 2048 2012 2104 156

323 2134 446 2192 ἐπεί
474 2161 537 2194 τε
572 2137 869 2211 παρέλαβε
904 2160 1006 2196 τας
1044 2132 1418 2221 Συρηκούσας,
1455 2134 1635 2209 Γέλης
1668 2136 1772 2209 μὲν
1807 2138 1920 2193 ἐπι-

323 2223 562 2297 κρατέων
608 2222 783 2302 λόγον
827 2222 1091 2280 ἐλάσσω
1106 2222 1365 2291 ἐποιέετο,
1412 2222 1710 2298 ἐπιτρέψας
1751 2220 1921 2296 αυτὴν

319 2307 526 2383 Ἱέρωνι
552 2308 861 2387 οἰδελφεῶε
837 2313 1057 2367 εωυτου·
1101 2335 1132 2368 ο
1116 2308 1218 2368 δὲ
1243 2334 1344 2371 τας
1362 2308 1792 2386 Συρηκθύσας’
1767 2308 1920 2393 εκρά-

321 2420 465 2464 τυνε,
489 2396 580 2453 καὶ
604 2394 754 2469 ἦσαν
780 2394 1001 2455 ἅπαντά
1028 2400 1083 2455 οἶ
1111 2392 1483 2475 Συρήκουσαι.
1545 2398 1603 2452 αἱ
1630 2395 1689 2453 δὲ
1712 2420 1920 2471 παραυ-

322 2482 449 2540 τίκα
476 2481 581 2541 α’νά
604 2482 653 2543 τ’
680 2484 917 2560 ἔδραμον
944 2484 1035 2542 καὶ
1066 2484 1445 2560 άνέβλαστον·
1485 2486 1652 2543 τοῦτο
1684 2484 1787 2557 μὲν
1810 2482 1920 2563 γάρ

324 2572 739 2647 Καμαριναίους
777 2571 1024 2636 ἅπαντας
1064 2577 1122 2635 ἐς
1158 2572 1259 2634 τοῖς
1299 2568 1658 2647 Συρηκούσας
1697 2568 1922 2650 α’,γαγῶν

321 2656 595 2733 πολιήτας
623 2660 869 2735 ἐποίησε,
892 2659 1223 2737 Καμαρίνης
1249 2658 1308 2717 δὲ
1333 2658 1399 2717 τό
1423 2656 1566 2717 ἄστυ
1584 2656 1918 2735 κατέσκαψε·

321 2750 487 2805 τοῦτο
535 2746 594 2805 δὲ
648 2747 881 2807 Γελῶων
925 2747 1302 2823 ὖπερημίσεας
1353 2750 1464 2805 τῶν
1514 2744 1702 2805 οἷο-τῶν
1746 2743 1922 2805 ‘afim-<3

322 2837 474 2892 τοῖσι
512 2836 953 2912 Καμαριναίοισι
988 2835 1240 2908 ἐποίησε·
1282 2834 1578 2913 Μεγαρέας
1611 2858 1675 2892 τε
1703 2831 1835 2895 τούς
1865 2837 1924 2892 ἐν·

324 2922 570 3001 Σικελίῃ,
609 2922 678 2985 ὥς
713 2922 1170 3001 πολιορκεόμενοι
1207 2926 1262 2983 ἐς
1297 2920 1604 2999 ὁμολογίην
1635 2918 1923 2997 προσεχώ-

324 3034 521 3085 ρησαν,
548 3009 677 3072 τούς
702 3012 805 3086 μὲν
832 3010 1011 3069 αὐτῶν
1034 3008 1264 3086 παχέας,
1293 3006 1646 3085 ἀειραμένους
1668 3030 1729 3063 τε
1754 3005 1922 3063 πόλε-

322 3122 430 3173 μον
456 3096 601 3177 αὐτῷ
632 3099 723 3156 καὶ
756 3098 1199 3174 προσδοκέοντας
1235 3095 1582 3154 ἀπολέεσθαι
1619 3091 1709 3151 διαὶ
1737 3095 1922 3160 τοῦτο,

324 3184 472 3262 ἄγων
510 3190 565 3249 ἐς
598 3184 701 3247 τοῖς
738 3184 1096 3261 Συρηκούσας
1131 3183 1405 3259 πολιήτας
1437 3182 1686 3258 ἐποίησε·
1724 3178 1824 3239 τόν
1862 3179 1924 3237 δὲ

326 3272 503 3360 δῆμον
528 3278 638 3333 τῶν
665 3272 985 3352 Μεγαρέων,
1014 3269 1113 3329 οὐκ
1141 3270 1300 3330 ἐόντα
1325 3271 1605 3347 μεταίτιον
1630 3272 1730 3328 τοῦ
1755 3267 1922 3327 πολέ-
