2192 3409
297 118 518 185 ὅθι-63]
907 116 1319 167 ΤΕΡΨῙΧΟΡΗ.
1850 118 1915 167 27

297 202 534 283 ἰσχυρὰν
574 200 638 261 οὗ
678 198 991 278 προεχώρεε
1034 198 1279 267 κάτοδος,
1316 193 1474 255 ἀλλὰ
1512 194 1899 273 προσέπταιον

295 289 554 369 μεγάλως
590 287 919 364 πειρώμενοι
958 288 1202 346 κατιέναι
1233 310 1295 345 τε
1328 283 1419 342 καὶ
1447 283 1775 359 ἐλευθεροῦν
1802 282 1903 345 τσῖς

296 376 552 452 Ἀθήνας,
589 375 924 453 Λειψύδριον
953 375 1020 435 τὸ
1057 374 1197 451 ὖπὲρ
1232 373 1502 447 Παιονίης
1536 372 1901 450 τειχίσαντες·

297 466 534 525 ἐνθαῦτα
561 467 614 524 οἱ
637 464 1071 541 ῗΑλκμαιωνίδαι
1100 468 1215 523 πᾶν
1248 462 1341 521 ἐπὶ
1374 464 1529 520 τοῖσι
1554 466 1901 536 Πεισιστραα

295 552 484 630 τίδῃσι
523 551 929 631 μηχανώμενοι,
979 550 1111 629 παρ’
1156 547 1581 627 Ἀμφικτυόνων
1621 546 1723 626 τᾶν
1767 547 1902 622 νηὸν

295 642 632 715 μισθοῦνται
657 641 759 699 τόν
791 645 850 701 ἐν
883 644 1191 714 Δελφοῖσι,
1218 638 1315 697 τόν
1350 640 1448 697 νῦν
1480 634 1645 696 ἐόντα
1678 634 1809 695 τότε
1843 635 1902 694 δὲ

297 726 456 797 οὔκω,
499 733 698 789 τοῦτον
739 728 1188 803 ἐξοικοδομῆσαι·
1248 726 1353 785 οἷα·
1384 725 1444 784 δὲ
1490 724 1789 803 χρημάτων
1843 722 1903 783 εὖ

296 814 522 889 ἥκοντες
553 817 647 875 καὶ
679 816 860 879 ἐόντες
892 814 1084 893 ἄνδρες
1118 814 1337 890 δόκιμοι
1369 811 1635 873 ἀνέκαθεν
1672 814 1768 883 ἔτι,
1802 811 1903 873 τόν

293 930 357 963 τε
383 904 517 979 νηὸν
545 904 920 985 ἐξεργάσαπο
947 906 1049 963 τοῦ
1074 900 1802 983 παραδείγματος·κοῖλλιον,
1829 898 1902 960 τό.

293 1016 358 1049 τε
383 989 540 1050 ἄλλα
566 992 660 1050 καὶ
686 993 1052 1073 συγκειμένου
1089 996 1203 1065 σφι
1240 990 1477 1067 πωρίνου
1508 990 1672 1049 λίθου
1700 989 1903 1048 ποιέειν

295 1077 396 1138 τόν
435 1078 586 1154 νηόν,
615 1080 836 1156 Παρίου
875 1078 948 1138 τὰ
989 1079 1309 1155 ἔμπροσθεν
1342 1076 1509 1136 αὖτοῦ
1547 1078 1899 1151 ἐξεποίησαν.

295 1165 397 1228 Ὣς
427 1165 504 1225 ὦν
536 1165 604 1241 δή
639 1169 693 1223 οἱ
723 1164 1012 1242 Ἀθηναῖοι
1044 1168 1297 1248 λέγουσι,
1332 1164 1485 1226 οὗτοι
1525 1168 1578 1224 οἱ
1614 1163 1803 1240 ἄνδρες
1845 1171 1901 1225 ἐν
1921 1168 1992 1224 63

299 1257 591 1329 Δελφοῖσι
612 1253 909 1330 κατήμενοι
936 1253 1226 1315 ἀνέπειθον
1256 1255 1361 1330 τήν
1389 1254 1609 1328 Πυθίην
1627 1252 1899 1330 χρήμασι,

297 1338 436 1404 ὅκως
479 1342 695 1401 ἔλθοιεν
735 1343 1123 1419 Σπαρτιητέων
1168 1332 1357 1419 ἄνδρες
1401 1343 1505 1401 εἴτε
1557 1340 1669 1419 ἰδίῳ
1710 1340 1900 1418 στόλῳ

297 1428 408 1487 εἴτε
433 1428 686 1507 δημοσίῳ
705 1429 1065 1507 χρησόμενοι,
1088 1431 1393 1506 προφέρειν
1416 1436 1525 1503 σφι
1545 1427 1646 1491 τοὶς
1664 1428 1902 1503 Ἀθήνας

300 1517 644 1594 ἐλευθεροῦν.
725 1516 1156 1593 Λακεδαιμόνιοι
1197 1518 1271 1586 δὲ,
1318 1517 1385 1581 ὥς
1427 1524 1538 1591 σφι
1580 1517 1684 1575 αἰεὶ
1723 1515 1898 1575 τωῦτό

297 1602 626 1678 πρόφαντον
657 1604 892 1683 ἐγένετο,
918 1608 1209 1681 πέμπουσι
1233 1604 1603 1685 Ἀγχιμόλιον
1635 1604 1734 1663 τὸν
1766 1603 1900 1665 Ἀσ-

296 1690 471 1767 τέρος,
503 1689 664 1753 ἐόντα
687 1695 799 1752 τῶν
833 1692 1022 1752 οἰστῶν
1057 1692 1232 1769 ἄνδρα
1266 1693 1513 1769 δόκιμον,
1544 1692 1651 1753 σῦν
1678 1697 1900 1771 στρατῷ

299 1778 571 1847 ἐξελῶντα
597 1780 1070 1857 Πεισιστρατίδας
1098 1782 1160 1849 ἐξ
1182 1780 1473 1855 Ἀθηνέων,
1496 1780 1643 1856 ὅμως
1670 1782 1761 1839 καὶ
1794 1781 1899 1849 ξει-

236 1922 240 1927 ,
297 1866 444 1930 νίους
483 1875 596 1945 σφι
643 1868 832 1931 ἐόντας
876 1868 950 1928 τοὶ
995 1868 1269 1945 μάλιστα·
1331 1869 1402 1927 τὰ
1452 1868 1562 1949 γοὶρ
1615 1872 1715 1928 τοῦ
1766 1869 1897 1928 θεοῦ

295 1956 660 2035 πρεσβύτερα
696 1960 980 2033 ἐποιεῦντο
1017 1954 1054 2031 ἦ
1084 1956 1158 2015 wi
1189 1960 1299 2015 τῶν
1325 1956 1554 2034 ἀνδρῶν·
1576 1991 1581 1995 ·
1610 1957 1899 2033 πέμπουσι

297 2040 357 2100 δὲ
405 2044 650 2107 τούτους.
674 2044 814 2105 κατὰ
859 2042 1166 2105 θάλασσαν
1212 2046 1487 2105 πλοίοισι.
1598 2044 1629 2105 ὁ
1674 2047 1777 2121 μὲν
1830 2044 1897 2120 δή

295 2130 568 2209 προσ-χῶν
595 2138 650 2196 ἐς
675 2132 957 2209 Φάληρον,
984 2132 1089 2208 τὴν
1121 2132 1391 2210 στρατιήν
1424 2132 1704 2209 οἷπέβησε·
1748 2136 1801 2191 οἱ
1836 2132 1894 2191 δὲ

297 2221 764 2297 Πεισιστρατίδαι
783 2221 1299 2297 προπυνθανόμενοι
1316 2224 1509 2290 ταῦτα,
1532 2221 1898 2285 ἐπεκαλέοντο

298 2309 358 2365 ἐκ
386 2309 714 2383 Θεσσαλίης
754 2308 1088 2385 ἐπικουρίην·
1118 2309 1431 2384 ’ἐπεποίητο
1458 2308 1569 2389 γάρ
1608 2314 1720 2384 σφι
1756 2334 1897 2384 συμ-

295 2395 476 2472 μαχίη
515 2395 658 2471 πρός
699 2393 916 2457 αὐτούς·
975 2395 1275 2455 Θεσσαλοὶ
1316 2397 1381 2455 δέ
1426 2401 1539 2470 σφι
1586 2396 1900 2470 δεομένοισι

296 2480 649 2560 ἀπέπεμψαν,
677 2485 833 2560 κοινῇ
851 2481 1046 2562 γνώμῃ
1071 2482 1393 2562 χρεώμενοι,
1421 2484 1612 2562 χιλίην
1637 2506 1700 2541 τε
1728 2482 1899 2542 ἵππον

297 2569 389 2627 καὶ
417 2569 518 2629 τόν
552 2570 806 2645 βασιλέα
841 2569 940 2630 τὸν
977 2573 1264 2649 σφέτερον
1304 2572 1525 2647 Κινέην,
1568 2570 1742 2648 ἄνδρα
1764 2576 1897 2630 »Κο-

296 2660 490 2716 νιαῖον·
546 2657 674 2720 τοῦς
717 2657 840 2717 ἐπεί
875 2685 939 2718 τε
980 2660 1153 2738 ἔσχον
1203 2658 1537 2738 συμμάχους
1590 2662 1647 2719 οἶ
1699 2665 1896 2719 Πεισι-

296 2745 602 2821 στρατίδαι,
642 2746 988 2824 ἐμηχανέατρ
1015 2747 1224 2806 τοιάδε·
1264 2748 1540 2825 κείραντες
1564 2752 1674 2808 τῶν
1700 2752 1889 2822 Φαλη-

293 2830 433 2906 ρέων
462 2831 529 2891 τό
567 2833 772 2906 πεδίον,
821 2836 914 2895 καὶ
955 2832 1273 2909 ἱππάσιμον
1318 2835 1653 2910 ποιήσαντες
1695 2839 1895 2894 τοῦτον

294 2918 393 2979 τὸν
450 2924 650 2998 χῶρον,
714 2925 924 2997 ἐπῆκαν
983 2926 1059 3001 τῷ
1122 2921 1481 3001 στρατοπέδῳ
1533 2922 1639 2997 τὴν
1701 2922 1891 2980 ἵππον·

297 3010 626 3083 ἐμπεσοῦσα
683 3010 742 3067 δὲ
793 3011 1071 3087 διέφθειρε
1120 3008 1330 3071 ἄλλους
1380 3035 1445 3069 τε
1490 3008 1742 3070 πολλοῦς
1781 3012 1891 3067 τῶν

293 3096 741 3174 Λακεδαιμονίων
795 3098 886 3157 καὶ
940 3097 1008 3174 δὴ
1052 3098 1145 3157 καὶ
1195 3095 1293 3155 τόν
1332 3095 1719 3177 Ἀγχιμόλιον,
1761 3096 1892 3161 τοῦς

295 3182 356 3246 ,δὲ
412 3186 866 3266 περιγενομένους
928 3184 1111 3245 αὐτῶν
1164 3188 1219 3245 ἐς
1270 3182 1371 3247 τοὶς
1414 3184 1538 3246 νέας
1604 3184 1890 3260 κατέρξαν.

295 3268 328 3331 ὅ
371 3273 478 3351 μὲν
526 3272 595 3348 δὴ
644 3278 862 3349 πρῶτος
905 3271 1119 3335 στόλος
1168 3274 1228 3329 ἐκ
1286 3270 1700 3345 Λακεδαίμονος
1751 3269 1893 3331 οὕτω
