2192 3409
328 94 391 143 22
415 97 424 107 ·
941 90 1307 140 ἩΡοΔοΤοί·
1828 86 1917 157 [νς

322 172 384 231 δὲ
406 171 611 249 ταύτην
633 172 738 249 τὴν
764 172 950 242 πόλιν,
979 173 1311 250 θαρσέοντες
1328 170 1435 249 ἤδη
1459 175 1537 251 τῷ
1553 170 1649 232 Διῒ
1675 172 1921 233 πλούτου

321 261 450 338 πέρι
477 263 696 338 ἐρίζετε.
780 260 934 320 οἷλλσῖ
969 262 1099 336 περὶ
1126 263 1229 337 μὲν
1254 260 1441 340 χώρης
1468 258 1577 337 ἄρα
1604 258 1669 319 οὗ
1700 265 1921 337 πολλῆς

322 348 448 407 οὐδὲ
482 348 620 407 οὕτω
652 354 922 426 χρηστῆς,
958 350 1048 407 καὶ
1083 347 1259 427 οὔρων
1294 352 1561 426 σμικρῶν,
1594 348 1765 425 χρεόν
1800 355 1920 408 ἐστι

319 434 491 512 ὖμέας
531 436 718 513 μάχας
758 436 1198 513 ἀναβάλλεσθαι
1251 434 1394 513 πρός
1445 460 1508 494 τε
1563 437 1920 511 Μεσσηνίους

321 522 510 586 ἐόντας
557 526 880 593 ἰσοπαλέας,
925 525 1016 583 καὶ
1053 522 1331 601 Ἀρκάδας
1374 548 1437 582 τε
1484 522 1576 581 καὶ
1618 522 1917 603 Ἀργείους·

317 616 470 670 τοῖσι
499 611 624 671 οὔτε
650 618 867 691 χρυσοῦ
897 611 1165 690 ἐχόμενόν
1192 616 1317 670 ἐστι
1338 610 1495 671 οὐδὲν
1516 609 1643 671 οὔτε
1662 610 1917 691 ἀργύρου,

316 703 428 757 τῶν
457 700 584 774 πέρι
612 701 709 759 καί
734 726 858 759 τινα
891 698 1076 779 ἐνάγει
1113 698 1397 775 προθυμίη
1434 699 1755 777 μαχόμενον
1789 698 1920 757 ἀπο-

320 786 602 860 θνήσκειν·
685 787 933 865 παρέχον
987 787 1046 845 δὲ
1085 790 1189 861 τῆς
1256 784 1455 861 Ἀσίης
1505 785 1695 861 πάσης
1734 783 1921 865 ἄρχειν

321 872 599 942 εὐπετέως,
645 872 794 932 ἄλλο
845 900 900 933 τι
950 874 1257 950 αἱρήσεσθε
1268 873 1314 942 ;”
1362 872 1770 954 Ἀρισταγόρης
1820 877 1921 949 μὲν

318 966 498 1019 ταῦτα
541 962 714 1030 ἔλεξε,
798 963 1127 1037 Κλεομένης
1168 963 1227 1020 δὲ
1263 961 1535 1039 ἀμείβετο
1565 962 1777 1021 τοῖσδε·
1827 973 1862 997 “
1880 961 1921 1021 ὦ

319 1049 460 1117 ξεῖνε
502 1049 777 1125 Μιλήσιε,
813 1048 1223 1126 ἀναβάλλομαί
1259 1076 1345 1109 τοι
1386 1056 1441 1113 ἐς
1480 1051 1672 1127 τρίτην
1712 1049 1921 1126 ἡμέρην

221 1140 299 1195 50
316 1136 794 1215 άποκρινέεσθαι.”
850 1140 990 1197 Τότε
1011 1140 1115 1215 μὲν
1135 1142 1190 1201 ἐς
1208 1142 1485 1199 τοσοῦτον
1504 1138 1749 1214 ἤλασαν.
1804 1139 1926 1197 ἐπεί

317 1252 378 1286 τε
405 1227 463 1286 δὲ
489 1227 527 1303 η’
555 1228 712 1304 κυρίη
739 1227 920 1305 ἡμέρη
941 1228 1152 1308 ἐγίνετο
1171 1230 1271 1302 τῆς
1291 1225 1621 1303 άποκρίσιος
1638 1228 1729 1284 καὶ
1744 1226 1921 1301 ἦλθον

317 1320 372 1376 ἐς
397 1314 462 1374 τὸ
493 1316 871 1425 συγκείμενον,
903 1316 1080 1391 εἴρετο
1115 1313 1146 1374 ὁ
1185 1314 1513 1389 Κλεομένης
1536 1312 1636 1372 τόν
1660 1312 1921 1387 Ἀριστα·

313 1400 489 1479 γόρην
529 1401 776 1461 οκοσέων
815 1402 1062 1478 ἡμερέων
1104 1399 1215 1460 άπο
1250 1400 1553 1476 θαλάσσης
1588 1404 1689 1475 τῆς
1726 1398 1923 1461 Ἰώνων

315 1487 442 1549 ὁδός
474 1489 568 1564 εἴη
603 1514 756 1566 παρα
784 1490 1064 1564 βασιλέα;
1114 1516 1147 1547 ο
1182 1489 1243 1548 δε
1271 1487 1699 1569 Ἀρισταγόρης,
1734 1486 1922 1548 ταλλα

317 1574 418 1634 ε’ων
473 1575 658 1651 σοφός
717 1576 808 1634 καὶ
863 1575 1193 1651 διαβάλλων
1246 1580 1453 1636 ἐκεῖνον
1507 1603 1583 1647 ευ,
1638 1581 1697 1635 ἐν
1746 1575 1922 1635 τούτω

317 1663 567 1739 ἐσφάλη·
609 1664 776 1741 χρεόν
813 1663 922 1745 γάρ
959 1689 1057 1739 μιν
1084 1691 1165 1741 μη
1201 1664 1389 1745 λέγειν
1422 1690 1489 1724 το
1524 1663 1616 1725 ἐον
1640 1664 1921 1741 βουλόμε·

313 1750 409 1810 νόν
448 1776 516 1832 γε
548 1751 900 1829 Σπαρτιήτας
935 1753 1227 1834 ἐξαγαγεῖν
1267 1758 1323 1815 ἐς
1362 1751 1467 1828 τὴν
1505 1750 1725 1826 Ἀσίην,
1767 1752 1921 1833 λέγει

314 1838 360 1895 δ’
391 1837 463 1898 ὧν
488 1842 653 1914 τριῶν
679 1842 866 1915 μηνῶν
899 1840 1013 1915 φάς
1045 1841 1185 1900 εἶναι
1209 1839 1314 1915 τήν
1342 1838 1557 1899 ἄνοδον·
1602 1838 1635 1899 ὁ
1664 1838 1721 1899 δὲ
1747 1840 1919 1917 ὑπαρ-

312 1926 502 1990 πάσας
555 1926 656 1986 τόν
705 1928 1000 1986 ἐπίλοιπον
1045 1927 1221 2008 λόγον
1272 1929 1371 1987 τόν
1425 1927 1456 1987 ὅ
1511 1926 1922 2008 Ἀρισταγόρης

314 2012 538 2089 ὥρμητο
579 2014 764 2094 λέγειν
804 2016 932 2088 περὶ
972 2018 1073 2090 τῆς
1114 2015 1265 2084 ὁδοῦ,
1302 2016 1442 2075 εἶπε·
1498 2025 1533 2051 “
1552 2016 1594 2073 ὦ
1630 2016 1769 2084 ξεῖνε
1810 2022 1921 2074 Μι-

310 2100 495 2175 λήσιε,
539 2101 922 2160 ἀπαλλάσσεο
965 2107 1024 2160 ἐκ
1067 2102 1331 2180 Σπάρτης
1362 2104 1473 2181 πρό
1509 2103 1699 2165 δύντος
1733 2103 1920 2179 η’λίου·

311 2188 506 2247 οὐδένα
558 2189 668 2270 γάρ
717 2188 892 2269 λόγον
941 2189 1138 2249 εὐεπέα
1184 2192 1367 2271 λέγεις
1410 2191 1919 2267 Λακεδαιμονίοισι,

311 2277 516 2337 ἐθέλων
573 2276 759 2352 σφέας
805 2276 917 2337 άπο
974 2278 1277 2355 θαλάσσης
1328 2281 1496 2355 τριῶν
1548 2282 1738 2354 μηνῶν
1790 2276 1923 2337 ὁδὸν

215 2362 346 2420 51’
311 2363 578 2446 αγαγεῖνῘ
634 2363 702 2423 O
731 2391 834 2441 μεν
861 2366 929 2441 δη
960 2367 1289 2442 Κλεομένης
1326 2371 1505 2425 ταῦτα
1538 2366 1709 2435 εἴπας,
1742 2363 1833 2439 ἥὶε
1866 2370 1924 2428 ἐς

309 2452 380 2511 τοὶ
409 2454 572 2511 οἰκία.
655 2452 688 2512 o‘
718 2453 776 2511 δὲ
801 2452 1212 2531 Ἀρισταγόρης
1238 2454 1477 2530 λαβῶν“
1460 2454 1735 2529 ικετηρίην
1754 2451 1843 2527 ἤϊε
1867 2457 1924 2516 ἐς

311 2542 412 2596 τοῦ
439 2541 806 2615 Κλεομένεος,
840 2540 1088 2599 ἐσελθῶν
1115 2540 1175 2599 δὲ
1203 2543 1335 2600 εἴσω
1362 2540 1461 2600 ἅτε
1486 2541 1757 2615 ἱκετεύων,
1788 2546 1923 2599 ἐπα-

318 2629 518 2683 κοῦσαι
571 2628 788 2685 ἐκέλευε
839 2627 938 2686 τὸν
1005 2630 1332 2704 Κλεομένεα
1384 2628 1799 2705 ἀποπέμψαντα
1851 2631 1923 2687 τὰ

311 2711 550 2771 παιδίον·
599 2706 988 2789 προσεστήκεε
1026 2715 1140 2797 γάρ
1182 2716 1249 2791 δή
1290 2720 1367 2795 τῷ
1408 2717 1720 2791 Κλεομένεϊ
1750 2714 1788 2790 ἦ
1828 2716 1922 2775 θυ-

308 2798 508 2877 γάτηρ,
533 2801 607 2878 τῇ
643 2798 854 2877 οὕνομα
877 2801 948 2875 ἦν
975 2802 1191 2883 Γοργω·
1232 2807 1399 2863 τοῦτο
1428 2804 1491 2862 δέ
1517 2806 1569 2861 οἳ
1597 2804 1689 2860 καὶ
1714 2806 1925 2877 μοῦνον

309 2886 501 2945 τέκνον
542 2885 813 2967 ἐτύγχανε
860 2887 953 2945 ε’ὁν
1003 2890 1167 2949 ἐτέων
1207 2888 1352 2949 ὀκτω
1392 2916 1429 2965 η
1473 2891 1629 2949 ἐννέα
1668 2889 1923 2965 ἡλικίην·

311 2974 637 3049 Κλεομένης
675 2974 734 3031 δὲ
765 2974 953 3053 λέγειν
977 2998 1075 3049 μιν
1114 2976 1331 3035 ἐκέλευε
1355 2977 1429 3036 τοὶ
1458 2976 1746 3053 βούλεται,
1778 2978 1925 3053 μηδὲ

311 3062 569 3137 ἐπισχεῖν
588 3064 692 3119 τοῦ
719 3060 942 3117 παιδίου
969 3062 1168 3120 εἵνεκα.
1239 3063 1475 3121 ενθαῢτα
1502 3063 1631 3138 δηε
1598 3091 1629 3123 ο
1656 3062 1925 3141 Ἀριστα-

309 3142 484 3219 γόρης
515 3144 720 3222 ἄρχετο
759 3151 818 3202 ἐκ
858 3146 990 3203 δέκα
1022 3146 1313 3206 ταλάντων
1348 3148 1807 3259 υπισχνεόμενος,
1850 3152 1925 3227 ἦν

315 3230 370 3284 οἱ
403 3232 700 3306 ἐπιτελέσῃ
735 3234 846 3288 τῶν
882 3225 1083 3289 ἐδέετο.
1125 3231 1483 3296 ἀνανεύοντος
1510 3237 1591 3293 δὲ
1598 3242 1699 3296 τοῦ
1738 3242 1925 3297 Κλεο-
