2192 3409
297 112 514 177 37-40]
937 112 1309 160 HOA'rMNIA.
1809 113 1901 159 139

297 198 480 253 λυσον
517 194 621 269 τῆς
661 190 966 268 στρατηίης
1005 189 1104 250 τὸν
1144 189 1558 267 πρεσβύτατον,
1606 188 1693 249 ἶνα
1736 188 1903 249 αὐτοῦ

296 306 358 341 τε
402 285 530 357 ἐμεῦ
576 280 666 337 καὶ
708 282 816 337 τῶν
858 277 1159 358 χρημάτων
1200 275 1239 356 ᾗ
1282 276 1613 354 μελεδωνός·
1670 277 1799 339 τούς
1844 278 1905 335 δὲ

296 370 570 445 τέσσερας
608 367 743 448 ἄγευ
787 366 902 442 ἅμα
945 371 1182 444 σεωυτῷ·
1230 367 1320 423 καὶ
1366 364 1579 440 πρήξας
1620 365 1692 424 τοὶ
1734 366 1903 427 νοέεις

296 457 632 533 νοστήσειας
673 454 906 515 ὀπίσω.”

301 546 391 603 καὶ
417 545 686 622 ἀμείβετο
717 544 928 603 τοῖσδε·
973 554 1007 580 “
1027 541 1068 600 ὦ
1098 546 1229 600 κακὲ
1258 540 1525 618 ἄνθρωπε,
1557 540 1631 599 σύ
1668 540 1901 617 ἐτόλμη-

297 659 420 703 σας,
450 638 580 709 ἐμεῦ
611 633 1052 714 στρατευομένου
1082 630 1251 690 αὑτοῦ
1284 630 1375 688 ἐπὶ
1406 627 1509 703 τὴν
1529 628 1781 687 Ἑλλάδα
1809 628 1901 687 καὶ

297 720 530 802 ἄγοντος
556 721 756 783 παῖδας
783 719 950 795 ἐμοῦς
970 720 1062 777 καὶ
1089 717 1399 793 ἀδελφεοῦς
1424 717 1515 775 καὶ
1546 717 1780 792 οἰκηίους
1808 716 1901 775 καὶ

297 809 516 884 φίλους,
545 807 876 885 μνήσασθαι
915 807 1044 883 περὶ
1077 806 1181 864 σέο
1206 803 1421 867 παιδός·
1468 802 1571 863 ἐών
1614 804 1745 880 ἐμὸς
1778 805 1900 863 δοῦ-

295 899 410 966 λος,
445 897 543 956 τᾶν
586 901 730 975 χρῆν
771 895 1030 973 πανοικίῃ
1080 893 1219 971 αὐτῇ
1262 893 1479 973 γυναικὶ
1518 893 1893 962 συνέπεσθαι;

297 984 355 1042 εὖ
383 988 479 1044 νῦν
504 984 616 1044 τόδ’
645 983 1003 1053 ἐξεπίστασο,
1033 982 1104 1045 ὥς
1130 987 1187 1042 ε’ν
1211 985 1365 1042 τοῖσι
1396 978 1500 1039 ὠσὶ
1540 984 1649 1041 τῶν
1692 978 1897 1057 ἀνθρώ-

295 1098 412 1131 πων
441 1072 603 1130 οἰκέει
632 1071 663 1130 ὁ
693 1070 882 1148 θυμός·
926 1068 988 1133 ὃς
1012 1068 1239 1149 χρηστὰ
1274 1070 1377 1146 μὲν
1405 1066 1648 1129 ἀκούσας
1675 1068 1898 1144 τέρψιος

298 1160 594 1236 ἐμπιπλέει
621 1158 689 1218 τὰ
731 1163 912 1235 σῶμα,
941 1158 1239 1217 ὑπεναντία
1281 1157 1341 1215 δὲ
1372 1155 1623 1216 τούτοισι
1652 1154 1897 1219 οἰκούσας
1920 1176 1925 1181 ·

297 1245 547 1305 ἀνοιδέει·
591 1245 686 1307 ὅτε
717 1248 822 1323 μέν
862 1272 958 1306 νυν
997 1246 1223 1325 χρηστοὶ
1250 1244 1493 1320 ποιήσας
1526 1243 1685 1321 ἔτερα
1714 1249 1896 1302 τοιαῦ-

294 1361 366 1393 τα
407 1338 774 1417 ἐπηγγέλλεο,
806 1334 1158 1415 εὐεργεσίῃσι
1184 1333 1439 1409 βασιλέα
1482 1330 1545 1390 οὗ
1589 1332 1896 1410 καυχήσεαι

293 1422 741 1501 ὑπερβαλέσθαι·
786 1422 909 1481 ἐπεί
929 1448 992 1481 τε
1020 1422 1078 1479 δὲ
1113 1428 1167 1485 ἐς
1198 1420 1264 1482 τό
1308 1420 1697 1496 ἀναιδέστερον
1741 1421 1895 1497 ἐτρά-

293 1536 414 1579 πευ,
435 1510 538 1585 τὴν
562 1512 668 1588 μὲν
687 1509 846 1586 ἀξίην
873 1508 938 1567 οὗ
963 1510 1229 1589 λάμψεαι,
1255 1508 1485 1568 ἐλάσσω
1514 1508 1573 1567 δὲ
1598 1512 1697 1583 τῆς
1723 1508 1894 1585 ἀξίης·

295 1600 366 1655 σὲ
389 1600 493 1674 μὲν
518 1598 630 1679 γὰρ
657 1597 748 1655 καὶ
773 1596 902 1660 τούς
925 1598 1201 1675 τέσσερας
1226 1603 1335 1658 τῶν
1361 1598 1569 1657 παίδων
1595 1596 1783 1673 ῥύεται
1824 1598 1894 1657 τοὶ

296 1686 485 1753 ξείνια·
527 1690 627 1744 τοῦ
653 1684 714 1744 δὲ
740 1684 873 1754 ἔνός,
901 1690 1000 1745 τοῦ
1026 1688 1307 1765 περιέχεαι
1334 1686 1605 1763 μάλιστα,
1634 1690 1705 1763 τῇ
1738 1690 1894 1763 ψυχῇ

297 1772 652 1848 ζημιώσεαι.”
737 1772 806 1837 ὥς
846 1773 904 1833 δὲ
935 1779 1113 1836 ταῦτα
1154 1774 1498 1852 ὖπεκρίνατο,
1544 1771 1737 1832 αὐτίκα
1782 1775 1892 1831 ἐκέ-

294 1864 423 1919 λευε
458 1866 612 1922 τοῖσι
647 1864 1058 1939 προσετέτακτο
1092 1868 1269 1922 ταῦτα
1308 1862 1605 1939 πρήσσειν,
1643 1866 1751 1921 τῶν
1778 1868 1893 1919 Πυ-

295 1950 417 2008 θίου
445 1952 654 2009 παίδων
681 1949 998 2028 ἐξευρόντας
1029 1950 1131 2010 τόν
1156 1949 1549 2027 πρεσβύτατον
1574 1951 1751 2027 μέσον
1780 1950 1891 2007 δια-

293 2042 504 2113 ταμεῖν·
549 2038 916 2116 διαταμόντας
943 2038 1002 2096 δέ
1025 2038 1099 2097 τσῖ
1124 2038 1373 2115 ἡμίτομα
1401 2040 1683 2107 διαθεῖναι,
1698 2037 1765 2096 τό
1789 2040 1893 2113 μὲν

294 2125 384 2182 ἐπὶ
427 2125 576 2195 δεξιὰ
621 2130 721 2201 τῆς
760 2126 891 2185 ὁδοῦ
925 2124 992 2184 τό
1033 2125 1111 2185 δὲ·
1135 2125 1218 2185 ἐπ’
1257 2125 1543 2204 ἀριστερά·
1588 2126 1678 2185 καὶ
1719 2124 1893 2203 ταύτῃ

293 2212 546 2281 διεξιέναι
586 2214 686 2273 τὸν
726 2212 988 2289 στρατόν.

375 2302 745 2375 Ποιησάντων
773 2302 832 2359 δὲ
857 2299 1064 2364 τούτων
1087 2304 1272 2371 τοῦτο,
1298 2302 1441 2378 μετὰ
1474 2305 1649 2361 ταῦτα
1690 2300 1888 2377 διεξήῖε
1910 2290 2007 2361 4Ο’

293 2413 324 2444 ο
371 2388 631 2463 στρατός·
677 2389 911 2470 ἡγέοντο
955 2389 1014 2447 δὲ
1055 2393 1267 2465 πρῶτοι
1308 2391 1413 2466 μὲν
1456 2392 1509 2447 οἱ
1552 2388 1890 2463 σκευοφόροι

289 2499 354 2533 τε
383 2476 474 2533 καὶ
499 2476 570 2534 τοὶ
595 2475 885 2558 ὑποζύγια·
927 2476 1068 2552 μετοὶ
1110 2476 1169 2535 δὲ
1208 2476 1437 2538 τούτους
1478 2474 1720 2551 στρατός
1754 2502 1889 2535 παν-

289 2564 454 2623 τοίων
479 2564 676 2624 ἐθνέων
702 2563 920 2641 ἆναμὶξ,
949 2563 1014 2623 οὗ
1041 2565 1459 2641 διακεκριμένοι·
1500 2566 1573 2640 τῇ
1600 2562 1659 2621 δὲ
1694 2561 1889 2639 ὑπερη-

287 2651 482 2725 μίσεες
515 2652 680 2727 ἦσαν,
711 2654 948 2712 ἐνθαῦτα
987 2652 1357 2711 διελέλειπτο·
1401 2651 1491 2708 καὶ
1524 2649 1589 2709 οὖ
1622 2652 1883 2727 συνέμισ-

287 2756 392 2819 γον
444 2738 595 2799 οὗτοι
641 2741 898 2816 βασιλέϊ.
979 2743 1325 2820 προηγεῦντο
1378 2742 1483 2815 μὲν
1535 2738 1603 2815 δή
1660 2738 1889 2798 ἱππόται

287 2827 466 2904 χίλιοι
499 2834 558 2886 ἐκ
595 2830 864 2905 Περσέων
888 2827 1109 2888 πάντων
1134 2826 1597 2907 ἀπολελεγμένοι·
1640 2827 1783 2904 μετὰ
1810 2827 1884 2898 δὲ,

289 2915 634 2994 αἰχμοφόροι
665 2916 858 2995 χίλιοι,
889 2917 980 2974 καὶ
1021 2914 1175 2975 οὗτοι
1215 2919 1275 2973 ἐκ
1318 2914 1537 2974 πάντων
1579 2914 1886 2992 ἀπολελεγ-

287 3002 460 3077 μένοι,
489 3003 589 3067 τιὶς
615 3004 831 3085 λόγχας
858 3002 1006 3063 κάτω
1031 3008 1086 3065 ἐς
1112 3002 1215 3079 τήν
1241 3004 1349 3081 γῆν
1382 3003 1702 3079 τρέψαντες·
1746 2999 1889 3075 μετὰ

287 3088 364 3160 δὲ,
395 3091 504 3168 ἱροὶ
531 3096 765 3151 Νισαῖοι
793 3091 1122 3167 καλεύμενοι
1164 3091 1324 3147 ἵπποι
1362 3090 1509 3157 δέκα,
1540 3089 1887 3163 κεκοσμημέ-

287 3204 374 3237 νοι
407 3179 479 3243 ὥς
510 3177 812 3239 κάλλιστα.
897 3182 1133 3237 Νισαῖοι
1168 3177 1227 3234 δὲ
1258 3178 1552 3236 καλέονται
1596 3175 1757 3257 ἵπποι
1798 3175 1890 3232 ἐπὶ

289 3266 466 3326 τοῦδε·
523 3269 643 3327 ἔστι
683 3266 876 3326 πεδίον
917 3267 1064 3346 μέγα
1110 3268 1211 3338 τῆς
1256 3264 1511 3340 Μηδικῆς
1558 3268 1634 3342 τῷ
1676 3262 1885 3338 οὔνομά

990 453 1192 531 Κάρτα
1223 480 1283 512 τε
1324 451 1578 529 ἐθυμώθη
1608 452 1638 511 ὁ
1672 453 1895 529 Ξέρξης,
1918 461 1991 517 39

2108 3326 2192 3385 Δ
