2192 3409
342 105 562 171 ιιι-90]
964 105 1337 156 noA‘rMmA.
1836 108 1931 156 155

341 184 462 245 οὔτι
501 185 846 265 ἀνεχομένων
883 184 985 249 τὰς
1025 184 1313 261 καμήλους
1350 180 1579 261 ὕστεροι
1620 183 1936 263 ἐτετάχατο,

341 271 430 330 ἵνα
469 271 552 349 μή
595 274 871 349 φοβέοιτο
911 270 978 331 τό
1023 270 1267 331 ἱππικόν.
1338 270 1647 350 Ἵππαρχοι
1690 272 1748 331 δὲ
1784 271 1933 347 ἦσαν
1956 276 2033 333 88

337 356 722 437 Ἀρμαμίθρης
760 384 824 420 τε
866 359 958 419 καὶ
1001 360 1241 428 Τίθαιος,
1288 358 1495 422 Δάτιος
1534 359 1743 423 παῖδες·
1800 360 1831 418 ὁ
1875 360 1935 419 δὲ

337 449 522 523 τρίτος
547 454 660 523 σφι
687 447 1075 526 συνίππαρχος
1093 446 1419 526 Φαρνούχης
1447 448 1852 508 καταλέλειπτο
1881 453 1938 508 ἐν

338 534 575 612 Σάρδισι
615 536 842 595 νοσέων·
885 534 957 599 ὥς
994 534 1107 615 γὰρ
1148 533 1428 612 ὄρμέωντο
1464 539 1525 594 ἐκ
1553 536 1815 612 Σαρδίων,
1846 537 1937 596 ἐπὶ

335 623 641 700 συμφορὴν
688 624 916 683 ἐνέπεσε
961 622 1317 697 α’νεθέλητον·
1374 623 1659 683 ἐλαύνοντι
1704 622 1816 705 γάρ
1864 628 1933 693 οἶ,

333 709 444 769 ὖπὸ
484 710 614 774 τοῦς
655 712 830 773 πόδας
869 715 970 771 τοῧ
1016 712 1189 769 ἵππου
1228 709 1511 788 ὑπέδραμε
1549 710 1708 771 κύων·
1764 713 1855 771 καὶ
1900 713 1932 773 ὁ

336 796 504 862 ἵππος
541 798 606 858 οὗ
641 798 899 876 προϊδών,
931 798 1199 874 ἐφοβήθη
1236 824 1299 858 τε
1340 798 1435 857 καὶ
1474 798 1615 863 mols-
1640 797 1807 876 ὅρθός
1832 798 1935 859 άπ-

335 887 598 947 εσείσατο
633 886 734 947 τὸν
768 886 1113 964 Φαρνούχεα·
1156 885 1347 945 πεσῶν
1390 886 1466 956 δὲ,
1500 885 1640 962 αἷμά
1678 912 1741 947 τε
1781 886 1935 964 ἤμεε,

334 974 426 1031 καὶ
467 978 524 1037 ἐς
563 974 766 1049 φθίσιν
805 974 1078 1050 περιῆλθε
1104 974 1143 1049 ἤ
1169 977 1390 1036 νοῦσος·
1430 974 1530 1034 τὸν
1556 974 1616 1033 δὲ
1643 974 1815 1035 ἵππον
1841 976 1935 1034 αὖ·

331 1061 459 1119 τίκα
501 1060 618 1120 κατ’
645 1060 824 1140 ἀρχᾶς
858 1061 1129 1137 ἐποίησαν
1166 1063 1219 1120 οἱ
1256 1061 1461 1120 οἰκέται
1497 1060 1566 1124 ὥς
1600 1062 1836 1119 ἐκέλευε·
1880 1068 1935 1126 ἐς

331 1146 432 1207 τόν
470 1152 654 1227 χῶρον
680 1154 738 1209 ἐν
761 1151 947 1228 τῷπερ
979 1149 1265 1225 κατέβαλε
1287 1148 1387 1209 τόν
1414 1148 1691 1209 δεσπότεα
1716 1148 1933 1231 ἀπαγα-

331 1233 541 1315 γόντες,
571 1240 630 1295 ἐν
652 1240 805 1296 τοῖσι
829 1235 1066 1319 γούνασι
1091 1234 1378 1313 ἀπέταμον
1402 1236 1474 1296 τοὶ
1499 1238 1727 1295 σκέλεα.
1785 1244 1930 1314 Φαρ-

333 1322 536 1401 νούχης
559 1324 664 1399 μὲν
690 1321 831 1383 οὕτω
857 1322 1149 1400 παρελύθη
1172 1327 1273 1399 τῆς
1299 1322 1615 1404 ἡγεμονίης.

411 1416 534 1471 Τῶν
574 1412 634 1470 δὲ
674 1410 938 1488 τριήρεων
977 1410 1213 1487 ἀριθμὸς
1253 1414 1357 1488 μὲν
1400 1412 1616 1493 ἐγένετο
1653 1411 1793 1472 ἔπτὰ
1834 1413 1927 1471 καὶ
1946 1415 2022 1472 89

332 1496 612 1573 διηκόσιαι
640 1499 732 1557 καὶ
756 1498 957 1577 χίλιαι·
983 1498 1319 1577 παρείχοντο
1346 1498 1407 1557 δὲ
1433 1498 1602 1561 αὖτιὶς
1628 1498 1761 1558 οδε·
1802 1500 1929 1559 Φοί-

333 1608 476 1648 νικες
499 1588 604 1662 μὲν
629 1585 736 1645 σὺν
764 1587 1018 1663 Συρίοισι
1041 1588 1198 1646 τοῖσι
1218 1590 1276 1647 ἐν
1302 1590 1373 1665 τῇ
1393 1588 1753 1665 Παλαιστίνῃ
1776 1612 1927 1665 τριη-

335 1673 543 1743 κοσίας,
571 1671 675 1732 ὧδε
712 1674 1133 1751 ἐσκευασμένοι·
1174 1675 1302 1750 περὶ
1326 1678 1431 1750 μὲν
1460 1679 1597 1753 τῇσι
1639 1679 1926 1755 κεφαλῇσι

333 1761 524 1823 κυνέας
551 1759 703 1839 εἶχον
729 1760 1022 1841 ἀγχοτάτω
1044 1762 1420 1838 πεποιημένας
1437 1762 1647 1839 τρόπον
1671 1763 1771 1824 τὸν
1795 1762 1925 1821 Ἐλ-

329 1848 576 1922 ληνικόν·
624 1848 963 1912 ἐνδεδυκότες
1009 1849 1068 1908 δὲ
1116 1848 1367 1927 θώρηκας
1408 1851 1638 1919 λινέους,
1686 1850 1928 1914 ἀσπίδας

329 1934 390 1993 δὲ
430 1935 547 2000 ἴτυς
587 1934 687 1995 σῦκ
728 1936 972 2016 ἐχούσας
1015 1936 1185 2015 εἶχον,
1228 1937 1323 1995 καὶ
1364 1935 1613 1997 ἀκόντια·
1670 1935 1824 1997 οὗτοι
1865 1938 1925 1997 δὲ

330 2025 384 2081 οἶ
423 2026 670 2088 Φοίνικες
712 2025 780 2085 τὰ
825 2024 1072 2085 παλαιᾶν
1117 2024 1312 2094 οἴκεον,
1354 2024 1426 2089 ὥς
1472 2024 1631 2085 αὐτοὶ
1670 2028 1922 2107 λέγουσι,

327 2110 420 2169 ἐπὶ
453 2116 525 2190 τῇ
559 2111 804 2190 Ἐρυθρῇ
842 2112 1133 2191 θαλάσσῃ·
1176 2113 1423 2174 ἐνθεῦτεν
1465 2113 1525 2172 δὲ
1562 2112 1923 2191 ὖπερβάντες,

323 2202 426 2273 τῆς
451 2201 654 2277 Συρίης
677 2201 922 2259 οἰκέουσι
955 2199 1026 2259 τσῖ
1053 2200 1209 2279 παρὰ
1241 2202 1565 2262 θάλασσαν·
1604 2206 1705 2278 τῆς
1730 2202 1791 2262 δὲ
1819 2205 1924 2267 Συ-

323 2287 450 2362 ρίης
480 2290 649 2346 τοῦτο
683 2286 751 2345 τό
784 2288 1003 2365 χωρίον,
1033 2288 1126 2346 καὶ
1162 2288 1229 2348 τδ
1268 2290 1438 2369 μέχρι
1463 2289 1750 2370 Αἰγύπτου
1789 2294 1917 2363 πᾶν,

327 2375 690 2449 Παλαιστίνη
742 2375 1016 2434 καλέεται.
1098 2376 1395 2457 Αἰγύπτιοι
1446 2376 1506 2435 δὲ
1558 2378 1681 2439 νέας
1733 2378 1923 2452 παρεί-

321 2486 496 2539 χοντο
520 2461 824 2537 διηκοσίας·
866 2460 1017 2522 οὗτοι
1043 2463 1103 2523 δὲ
1130 2465 1283 2543 εἶχον
1310 2466 1435 2540 περὶ
1458 2468 1563 2541 μὲν
1585 2469 1724 2542 τῇσι
1751 2470 1921 2539 κεφα-

321 2552 466 2627 λῇσι
509 2549 710 2627 κράνεα
743 2550 1008 2629 χηλευτὰ,
1049 2550 1292 2616 ἀσπίδας
1334 2552 1395 2611 δὲ
1434 2553 1630 2613 κοίλας
1661 2551 1763 2614 τοὶς
1804 2552 1921 2616 ἴτυς

320 2635 574 2717 μεγάλας
609 2638 866 2717 ἐχούσας,
900 2640 992 2697 καὶ
1028 2636 1237 2715 δόρατά
1275 2663 1337 2698 τε
1379 2638 1653 2718 ναύμαχα,
1694 2640 1787 2699 καὶ
1824 2639 1915 2700 τύ-

323 2749 450 2788 κσυς
483 2725 783 2806 μεγάλους·
834 2725 903 2786 τὰ
944 2726 1004 2785 δὲ
1048 2727 1271 2802 πλῆθος
1308 2725 1489 2785 αὐτῶν
1528 2726 1920 2805 θωρηκοφόροι

320 2809 486 2885 ἦσαν,
511 2814 794 2892 μαχαίρας
818 2812 878 2872 δὲ
900 2812 1156 2894 μεγάλας
1186 2812 1358 2892 εἶχον.
1442 2811 1595 2874 οὗτοι
1632 2818 1738 2892 μὲν
1777 2814 1919 2875 οὕτω

321 2900 686 2960 ἐσταλάδατο.
772 2901 1016 2978 Κύπριοι
1056 2902 1117 2961 δὲ
1161 2901 1496 2980 παρείχοντο
1542 2903 1669 2965 νέας
1714 2900 1907 2976 πεντή-
1932 2903 2012 2960 90

320 3011 489 3046 κοντα
531 2988 622 3046 καὶ
663 2989 876 3059 ἐκατόν,
919 2990 1320 3067 ἐσκευασμένοι
1360 2987 1481 3049 ὦδε·
1528 2990 1629 3052 τοὶς
1671 2992 1776 3065 μὲν
1830 3013 1916 3046 κε-

320 3074 514 3148 φαλὰς
552 3076 804 3155 εἱλίχατο
842 3077 1074 3153 μίτρῃσι
1117 3080 1170 3135 οἱ
1208 3077 1481 3151 βασιλέες
1521 3076 1718 3136 αὐτῶν·
1761 3078 1815 3134 οἱ
1856 3075 1917 3134 δὲ

317 3159 492 3221 ἄλλοι
517 3162 671 3242 εἶχον
697 3164 947 3224 κιθῶνας·
986 3162 1059 3221 τὰ
1085 3162 1145 3221 δὲ
1171 3162 1325 3221 ἄλλα
1352 3163 1596 3240 κατάπερ
1617 3162 1909 3238 Ἕλληνες.

319 3247 527 3310 τούτων
552 3249 614 3308 δὲ
637 3249 844 3310 τοσάδε
869 3246 1028 3308 ἔθνεά
1059 3253 1203 3309 ἐστι·
1246 3252 1301 3309 οἱ
1323 3253 1431 3322 μὲν
1452 3249 1565 3310 ἀπὸ
1594 3252 1916 3321 Σαλαμῖνος
