2192 3409
283 162 312 209 6
761 210 770 217 ,
903 159 1273 210 mmmmm·
1788 159 1881 227 [v.

285 242 506 313 πόλιας,
533 242 732 304 αὐτίκα
769 240 1262 305 διασκεδασθέντες
1299 238 1419 301 κατ’
1456 239 1687 305 ἑωυτούς
1720 242 1883 303 ἔκασ-

279 356 370 390 τοι
400 330 722 408 ἐτράποντο,
754 329 844 388 καὶ
881 329 1254 408 παρεδίδοσαν
1286 328 1470 405 σφέας
1501 327 1703 391 αὐτούς
1732 334 1886 391 τοῖσι

282 419 569 497 Πέρσῃσι·
629 416 770 476 οὕτω
825 416 894 492 δὴ
942 416 1201 477 Παιόνων
1265 416 1625 492 Σιροπαίονές
1676 442 1740 476 τε
1792 418 1884 477 καὶ

259 503 578 575 ,αιόπλαι
619 506 710 564 καὶ
751 507 804 565 οἳ
850 531 1018 585 μεχρι
1055 508 1157 581 τῆς
1193 504 1525 619 Πρασιάδος
1563 505 1781 582 λίμνης,
1824 509 1886 577 ἐξ

187 596 260 652 16
281 592 461 669 ἠθέων
497 592 912 665 ἐξαναστάντες,
940 619 1145 676 ηγοντο
1184 598 1239 657 ἐς
1269 594 1373 669 τήν
1410 591 1627 669 Ἀσίην.
1718 598 1791 653 Οἱ
1823 595 1883 653 δὲ

280 682 406 757 περὶ
433 709 498 741 το
527 682 822 765 Πάγγαιον
850 709 1013 760 ουρος
1044 683 1137 741 καὶ
1163 682 1433 759 Δόβηρας
1469 681 1560 740 καὶ
1584 680 1883 762 Ἀγριᾶνας

281 770 372 828 καὶ
386 768 765 847 Ὀδομάντους
785 770 886 830 καὶ
897 768 1070 849 αὐτὴν
1089 770 1195 846 τήν
1213 770 1417 847 λίμνην
1434 766 1539 845 τήν
1558 770 1880 847 Πρασιάδα,

279 857 379 917 ούκ
417 858 796 937 ἐχειρώθησαν
819 856 1002 937 άρχην
1025 857 1138 917 υπό
1164 856 1534 938 Μεγαβάζου.
1618 857 1883 935 ἐπειρήθη

277 944 337 1005 δὲ
364 947 456 1005 καὶ
481 946 611 1009 τούς
639 952 696 1006 ἐν
721 949 794 1026 τῇ
811 947 986 1025 λίμνῃ
1007 946 1285 1022 ἐξαιρέειν,
1315 942 1419 1003 ὦδε
1434 947 1880 1023 κατοικημένους·

277 1036 424 1112 ἰκρία
453 1035 544 1094 ἐπὶ
570 1037 826 1112 σταυρῶν
844 1033 1074 1112 ύψηλῶν
1096 1034 1394 1113 ἐζευγμένα
1420 1037 1479 1093 ἐν
1503 1033 1657 1112 μέσῃ
1679 1034 1881 1109 ἔστηκε

277 1125 352 1202 τῇ
378 1124 567 1203 λίμνῃ,
591 1122 790 1183 ἔσοδον
817 1127 877 1182 ἐκ
903 1126 1005 1199 τῆς
1030 1120 1263 1198 ἠπείρου
1290 1121 1515 1196 στεινήν
1552 1122 1753 1201 ἔχοντα
1776 1125 1883 1202 μιῇ

275 1212 516 1292 γεφύρῃ·
569 1211 698 1276 τούς
739 1211 799 1271 δὲ
839 1209 1117 1290 σταυροῦς
1161 1209 1291 1274 τούς
1336 1209 1688 1272 ύπεστειΐντας
1726 1213 1881 1270 τοῖσι

279 1302 506 1376 ἰκρίοισι
536 1300 602 1362 τὰ
629 1301 734 1378 μέν
762 1327 862 1361 κου
887 1300 1125 1379 άρχαῖον
1144 1301 1395 1374 ἔστησαν
1422 1300 1580 1374 κοινῆ
1598 1295 1800 1359 πάντες
1827 1302 1881 1356 οἶ

274 1392 561 1462 πολιῆται·
614 1388 759 1463 μετὰ
797 1388 873 1457 δὲ,
906 1388 1055 1469 νόμῳ
1085 1387 1387 1466 χρεώμενοι
1432 1386 1627 1443 ἱστᾶσι
1668 1385 1877 1463 τοιῷδε·

277 1476 594 1549 κομίζοντες
615 1476 674 1544 ἐξ
701 1474 892 1550 οὔρεος
917 1480 992 1553 τῷ
1018 1475 1226 1551 οὔνομά
1253 1480 1376 1535 ε’στι
1392 1471 1707 1552 Ὄρβηλος,
1737 1474 1879 1531 κατοῖ

275 1565 511 1641 γυναῖκα
538 1560 780 1636 ἑκάστην
805 1560 837 1620 ὅ
862 1562 1082 1642 γαμέων
1108 1566 1255 1636 τρεῖς
1281 1559 1557 1638 σταυρούς
1581 1560 1877 1637 ὑπίστησι·

275 1647 472 1729 ἄγεται
500 1650 557 1709 δὲ
587 1650 822 1711 ἕκαστος
849 1648 1062 1727 συχνοὶς
1096 1652 1377 1727 γυναῖκας.
1421 1654 1635 1710 οἰκεῦσι
1671 1650 1731 1709 δὲ
1766 1675 1878 1709 τοι·

275 1740 441 1795 οῦτον
461 1736 688 1814 τρόπον,
713 1734 954 1812 κρατέων
982 1735 1219 1798 ἕκαστος
1246 1736 1337 1793 ε’πὶ
1361 1740 1471 1795 τῶν
1499 1738 1682 1812 ἰκρίων
1710 1737 1878 1797 καλύ-

275 1825 390 1899 βης
410 1848 473 1883 τε
492 1829 550 1883 ἐν
575 1822 616 1903 ᾗ
643 1824 932 1895 διαιτᾶται,
965 1823 1055 1882 καὶ
1083 1821 1253 1899 θύρης
1278 1826 1633 1899 καταπακτῆς
1654 1824 1745 1883 διὰ
1768 1830 1879 1886 τῶν

275 1911 462 1987 ἰκρίων
504 1911 648 1971 κάτω
691 1910 974 1987 φερούσης
1007 1914 1064 1975 ἐς
1098 1910 1203 1985 τήν
1244 1910 1465 1988 λίμνην·
1512 1910 1584 1971 wi
1618 1912 1679 1971 δὲ
1705 1913 1876 1989 νήπια

275 1997 470 2057 παιδία
513 1998 705 2059 δέουσι
744 2000 844 2057 τοῦ
885 1998 1056 2062 ποδός
1087 1998 1338 2079 σπάρτῳ,
1370 1998 1451 2075 μή
1488 2004 1878 2079 κατακυλισθῇ

275 2086 664 2162 δειμαίνοντες·
736 2088 892 2145 τοῖσι
933 2085 991 2144 δὲ
1035 2087 1261 2146 ἵπποισι
1302 2088 1393 2146 καὶ
1427 2090 1581 2148 τοῖσι
1616 2087 1873 2170 ὑποζυγί-

273 2200 390 2233 οισι
420 2175 734 2255 παρέχουσι
764 2173 972 2253 χόρτον
1013 2176 1190 2254 ἰχθῦς·
1246 2180 1357 2235 τῶν
1396 2176 1456 2235 δὲ
1494 2177 1715 2253 πλῆθός
1751 2182 1875 2235 ε’στι

269 2266 562 2333 τοσοῦτον,
619 2261 764 2322 ὥστε
811 2259 946 2323 ὅταν
996 2263 1101 2340 τήν
1156 2262 1328 2341 θύρην
1368 2264 1473 2339 τήν
1516 2266 1875 2339 καταπακτὴν

274 2350 561 2430 ἀνακλίνῃ,
618 2351 792 2412 κατίει
856 2377 1067 2431 σχοινῳ
1119 2352 1367 2429 σπυρίδα
1426 2350 1611 2425 κεινὴν
1664 2355 1720 2414 ἐς
1769 2353 1873 2426 τήν

273 2441 494 2517 λίμνην,
525 2442 616 2521 καὶ
643 2439 709 2501 ού
738 2442 960 2500 πολλον
984 2465 1110 2498 τινα
1128 2465 1335 2517 χρονον
1355 2438 1620 2517 ε’πισχιιῖν,
1644 2438 1873 2517 ἀνασπᾷ

267 2526 490 2605 πλήρεα
543 2528 765 2607 ἰχθύων.
847 2530 974 2587 τῶν·
1005 2527 1066 2585 δὲ
1112 2526 1314 2606 ἰχθύων
1361 2527 1485 2585 ἐστὶ
1535 2527 1699 2606 γένεα
1756 2526 1871 2596 δύο,

267 2614 398 2678 τούς
430 2617 702 2675 καλέουσι
731 2612 1030 2691 πάπρακάς
1058 2640 1122 2674 τε
1156 2613 1246 2672 καὶ
1270 2615 1529 2677 τίλωνας.
1614 2615 1871 2675 Παιόνων

266 2705 369 2778 μὲν
397 2703 464 2778 δή
494 2706 548 2761 οἳ
571 2703 926 2780 χειρωθέντες
948 2700 1154 2783 ἤγοντο
1184 2707 1237 2765 ἐς
1262 2702 1367 2777 τήν
1390 2701 1613 2779 Ἀσίην.

176 2788 246 2847 17
354 2788 700 2869 Μεγάβαζος
767 2788 827 2848 δὲ
895 2788 966 2852 ὥς
1020 2789 1363 2869 ἐχειρώσατο
1422 2789 1552 2855 τούς
1603 2792 1868 2861 Παίονας,

271 2878 479 2954 πέμπει
495 2875 771 2958 ἀγγέλους
793 2882 849 2940 ἐς
867 2876 1222 2953 Μακεδονίην
1242 2875 1443 2955 ἄνδρας
1462 2878 1602 2938 ἔπτὰ
1624 2880 1868 2954 Πέρσας,

273 2963 327 3021 οἳ
350 2964 470 3041 μετ’
499 2964 670 3023 αύτόν
703 2966 882 3022 κεῖνον
917 2962 1067 3039 ἦσαν
1105 2964 1471 3039 δοκιμώτατοι
1505 2971 1563 3025 ἐν
1597 2970 1673 3044 τῷ
1701 2992 1867 3043 στρα-

266 3052 498 3129 von-639·
543 3051 858 3127 ἐπέμποντο
885 3050 946 3108 δὲ
972 3048 1125 3109 οὗτοι
1152 3051 1282 3127 παρ’
1306 3051 1587 3129 Ἀμύντην
1613 3054 1866 3129 αἰτήσον-

267 3161 358 3199 τες
381 3141 489 3217 γῆν
513 3162 577 3196 τε
604 3138 698 3199 καὶ,
716 3136 859 3212 ὕδωρ
886 3138 1105 3215 Δαρείῳ
1129 3139 1385 3213 βασιλέϊ.
1453 3141 1573 3199 ἔστι
1599 3140 1659 3197 δὲ
1686 3146 1746 3199 ἐκ
1771 3144 1873 3216 τῆς

269 3222 598 3298 Πρασιάδος
643 3224 845 3300 λίμνης
884 3224 1162 3300 σύντομος
1208 3224 1386 3300 κάρτα
1433 3231 1489 3288 ἐς
1533 3224 1637 3300 τὴν
1678 3231 1871 3286 Μακε-

267 3306 473 3379 δονίην·
553 3313 746 3380 πρῶτα
810 3310 915 3379 μὲν
965 3310 1076 3379 γσῖρ
1146 3311 1329 3379 ἔχεται
1381 3314 1483 3379 τῆς
1534 3311 1737 3379 λίμνης
1800 3312 1871 3374 τδ
