2192 3409
288 114 568 178 101—104]
894 111 1271 161 ΚΔΛΛῘΟΠΗ.
1790 115 1885 160 339

288 196 539 253 ἔλασσον
566 193 719 272 εἶχον
742 194 814 270 τῇ
847 190 1024 270 μάχῃ·
1066 191 1186 250 ἐπεὶ
1220 191 1280 249 δὲ
1309 193 1419 249 τῶν
1446 188 1755 266 Ἀθηναίων
1790 191 1883 248 καὶ

284 284 396 340 τῶν
446 280 790 388 προσεχέων
823 277 855 338 ὁ
909 277 1167 355 στρατός,
1218 277 1355 340 ὅκως
1402 280 1611 336 ἑωυτῶν
1660 277 1887 358 γένηται

284 366 350 425 τὸ
385 368 546 447 ἔργον
578 367 670 424 καὶ
709 390 789 442 μη
823 365 1286 441 Λακεδαιμονίων,
1318 363 1885 441 παρακελευσάμενοι,

287 453 450 532 ἔργου
479 453 694 531 εἴχοντο
720 451 1153 529 προθυμότερον,
1175 453 1424 511 ἐνθεῦτεν
1449 448 1555 528 ἤδη
1577 455 1886 528 ἑτεροιοῦτο

285 537 351 598 τό
393 543 646 620 πρῆγμα·
690 539 1021 615 διωσάμενοι
1045 538 1155 618 γὰρ
1192 539 1265 597 τοὶ
1300 540 1473 618 γέρρα
1510 535 1678 608 οὗτοι,
1720 538 1887 615 φερό-

284 649 444 700 μενοι
477 627 752 685 ἐσέπεσον
791 625 954 688 άλέες
994 630 1050 687 ἐς
1084 624 1216 689 τούς
1256 627 1505 703 Πέρσας·
1549 628 1603 685 οἶ
1632 625 1695 684 δὲ
1733 626 1884 696 δεξά-

284 738 457 788 μενοι,
489 714 581 772 καὶ
605 714 810 793 χρόνον
836 712 1045 792 συχνόν
1077 711 1428 790 ἀμυνόμενοι,
1456 714 1619 778 τέλος
1650 715 1886 796 ἔφευγον

287 805 342 862 ἐς
367 800 434 861 τδ
458 806 662 880 τεῖχος·
703 799 992 878 Ἀθηναῖοι
1023 801 1083 859 δὲ
1121 802 1213 860 καὶ
1249 802 1538 877 Κορίνθιοι
1565 802 1657 860 καὶ
1684 803 1884 866 Σικυώ-

287 913 392 946 νιοι
428 889 522 947 καὶ
557 889 887 966 Τροιζήνιοι,
925 888 1094 969 (οὕτω
1129 887 1239 968 γὰρ
1272 887 1421 963 ἦσαν
1456 888 1655 962 ἐπεξῆς
1693 915 1885 969 τεταγ-

284 974 483 1054 μένοι,)
526 977 1000 1052 συνεπισπόμενοι
1041 975 1455 1035 συνεσέπιπτον
1497 979 1551 1038 ἐς
1581 975 1647 1034 τὰ
1683 980 1886 1053 τεῖχος·

289 1059 360 1122 ὥς
400 1062 460 1119 δὲ
501 1063 591 1120 καὶ
629 1064 696 1123 τὸ
736 1067 922 1141 τεῖχος
958 1061 1246 1139 ἀραίρητο,
1280 1059 1392 1120 οὔτ’
1422 1063 1501 1120 ἔτι
1535 1088 1676 1139 προς
1706 1061 1889 1138 άλκήν

288 1146 592 1223 ἐτράποντο
633 1153 686 1209 οἱ
725 1150 1018 1227 βάρβαροι
1056 1149 1198 1226 πρὸς
1238 1148 1426 1229 φυγήν
1460 1173 1523 1208 τε
1560 1148 1801 1226 ὁρμέατο
1834 1154 1887 1209 οἱ

287 1233 458 1294 ἄλλοι
497 1235 650 1311 πλὴν
688 1237 974 1313 Περσέων·
1017 1235 1172 1296 οὗτοι
1211 1236 1271 1295 δὲ
1319 1234 1436 1296 κατ’
1476 1234 1703 1316 ὀλίγους
1740 1237 1885 1317 γινό-

286 1347 458 1396 μενοι,
489 1322 766 1402 ἐμάχοντο
797 1327 949 1384 τὀἳσι
980 1325 1086 1383 αἰεὶ
1127 1329 1183 1386 ἐς
1219 1323 1287 1384 τό
1327 1326 1513 1402 τεῖχος
1545 1324 1884 1383 ἐσπίπτουσι

285 1409 594 1484 Ἑλλήνων.
677 1411 768 1468 καὶ
801 1414 911 1469 τῶν
947 1414 1279 1492 στρατηγῶν
1312 1415 1422 1469 τῶν
1458 1415 1757 1487 Περσικῶν
1787 1411 1885 1470 δύο

286 1499 390 1572 μὲν
414 1496 820 1578 ἀποφεύγουσι,
849 1496 947 1556 δύο
973 1497 1033 1556 δὲ
1057 1501 1381 1580 τελευτῶσι·
1421 1496 1757 1575 Ἀρταΰντης
1779 1501 1884 1574 μὲν

289 1584 380 1641 καὶ
403 1581 736 1661 Ἰθαμίτρης,
757 1588 857 1643 τοῦ
883 1588 1141 1645 ναυτικοῦ
1166 1585 1617 1666 στρατηγέοντες,
1638 1584 1883 1660 ἀποφεύ-

286 1696 472 1750 γουσι·
554 1670 887 1748 Μαρδόντης
927 1672 985 1730 δέ
1021 1673 1117 1730 καὶ
1152 1671 1186 1732 ὅ
1224 1677 1327 1733 τοῢ
1364 1674 1534 1744 πεζοῦ
1567 1672 1881 1753 στρατηγός

287 1757 558 1838 Τιγράνης
573 1759 887 1838 μαχόμενοι
904 1763 1222 1820 τελευτῶσι.
1284 1758 1412 1820 Ἔτι
1432 1761 1493 1820 δὲ
1510 1762 1841 1841 μαχομένων
1864 1763 1985 1822 103·

285 1849 395 1904 τῶν
447 1847 712 1922 Περσέων
765 1845 1030 1907 οἷπίκοντο
1070 1846 1499 1925 Λακεδαιμόνιοι
1539 1850 1631 1908 καὶ
1670 1852 1725 1908 οἱ
1761 1847 1881 1926 μετ’

287 1931 480 2003 αὐτῶν,
510 1933 602 1992 καὶ
625 1932 696 1993 τά
727 1934 902 1993 λοιποὶ
940 1934 1384 2013 συνδιεχείριζον.
1472 1936 1674 1997 ἔπεσον
1704 1935 1763 1996 δὲ
1789 1938 1881 1996 καὶ
1928 1977 1935 1982 -

285 2017 463 2080 αὐτῶν
493 2023 604 2081 τῶν
635 2019 925 2098 Ἑλλήνων
965 2023 1167 2101 συχνοὶ
1208 2023 1443 2082 ἐνθαῦτα
1481 2023 1651 2083 ἄλλοι
1689 2049 1750 2084 τε
1790 2025 1883 2083 καὶ

287 2106 589 2178 Σικυώνιοι,
618 2110 710 2169 καὶ
735 2109 1053 2190 στρατηγός
1070 2109 1373 2184 Περῦιεως.
1439 2113 1549 2169 τῶν
1573 2112 1633 2169 δὲ
1659 2112 1883 2187 Σαμίων

285 2195 338 2249 οἱ
379 2193 826 2270 στρατευόμενοι,
867 2194 1048 2256 ἐόντες
1087 2219 1151 2252 τε
1190 2198 1249 2254 ἐν
1287 2198 1365 2272 τῷ
1404 2197 1762 2274 στρατοπέδῳ
1801 2201 1879 2275 τῷ

286 2278 518 2356 Μηδικῷ
543 2279 636 2338 καὶ
661 2279 1101 2356 απαραιρημένοι
1126 2304 1199 2338 τα
1224 2278 1394 2349 ὅπλα,
1417 2280 1486 2342 ὥς
1515 2280 1661 2340 εἶδον
1685 2282 1882 2341 αὐτίκα

286 2363 404 2423 κατ’
443 2364 622 2443 ἆρχας
658 2365 956 2446 γινομένην
997 2367 1294 2442 ἑτεραλκέα
1335 2391 1439 2442 την
1475 2367 1682 2448 μάχην,
1724 2369 1883 2446 ερδον

284 2450 424 2511 ὅσον
463 2450 745 2526 ἠδυνέατο,
773 2453 1197 2531 προσωφελέειν
1238 2452 1523 2518 ἐθέλοντες
1559 2479 1714 2515 τοισι
1743 2454 1881 2515 Ἕλ-

283 2543 441 2614 λησι·
485 2538 728 2615 Σαμίους
764 2539 824 2598 δὲ
859 2538 1063 2603 ἰδόντες
1101 2543 1155 2600 οἶ
1186 2538 1358 2600 ἄλλοι
1382 2539 1569 2606 Ἴωνες
1594 2539 1881 2618 ἄρξαντας,

284 2626 426 2686 οὕτω
447 2625 515 2702 δὴ
537 2627 628 2685 καὶ
649 2625 807 2686 αὐτοὶ
825 2625 1174 2692 ἀποστάντες
1199 2628 1311 2689 α’πό
1332 2629 1601 2706 Περσέων
1622 2629 1879 2706 ἐπέθεντο
1916 2641 1923 2648 “

282 2717 435 2773 τοῖσι
479 2714 852 2793 βαρβάροισι.
936 2715 1284 2791 Μιλησίοισι
1326 2717 1386 2776 δὲ
1426 2717 1840 2794 προσετέτακτο
1860 2720 1973 2782 104

282 2804 386 2877 μὲν
442 2806 551 2862 τῶν
604 2805 871 2880 Περσέων
923 2801 1022 2867 τσῖς
1075 2803 1288 2868 διόδους
1349 2808 1551 2883 τηρεῖν,
1607 2805 1881 2884 σωτηρίης

285 2889 462 2948 εἵνεκά
489 2895 621 2965 σφι·
665 2889 751 2959 ὥς,
779 2889 848 2966 ἦν
872 2890 981 2968 ἄρα
1008 2893 1193 2966 σφέας
1220 2892 1632 2972 καταλαμβάνῃ
1660 2893 1750 2952 οἶά
1774 2919 1881 2970 περ

284 2977 580 3053 κατέλαβε,
624 2977 842 3056 ἔχοντες
875 2978 1152 3060 ἡγεμόνας
1187 2980 1468 3052 σώζωνται
1500 2985 1554 3046 ἐς
1586 2980 1685 3044 τοὶς
1724 3008 1881 3058 κορυ-

285 3063 397 3138 φοῖς
420 3070 521 3142 τῆς
546 3066 837 3142 Μυκάλης·
881 3066 1203 3147 ἐτάχθησαν
1227 3069 1331 3145 μέν
1358 3095 1454 3130 νυν
1492 3071 1583 3129 ἐπὶ
1612 3073 1779 3130 τοῦτο
1809 3069 1875 3130 τὰ

283 3155 516 3233 πρῆγμα
547 3157 601 3214 οἶ
641 3153 940 3230 Μιλήσιοι,
967 3155 1167 3216 τούτου
1205 3183 1267 3216 τε
1308 3157 1511 3218 εἵνεκεν
1543 3158 1634 3216 καὶ
1676 3158 1765 3217 ἵνα
1797 3155 1879 3233 μὴ

284 3239 577 3315 παρεόντες
602 3247 659 3302 ἐν
683 3246 760 3321 τῷ
785 3246 1143 3324 στρατοπέδῳ
1175 3271 1229 3305 τι
1261 3246 1501 3325 νεοχμόν
1526 3246 1780 3305 ποιέοιεν·
1823 3245 1877 3301 οἳ
