2192 3409
329 84 424 133 zze
933 81 1300 133 ἯΡοΔοτοτ
1784 83 1905 148 [υς.

317 167 376 224 ἐς
408 163 522 221 πᾶν
549 160 658 238 ἤδη
691 163 863 220 κακοῦ
895 159 1191 242 ἀπιγμένοι
1226 160 1391 236 ἦσαν,
1428 159 1571 221 οὕτω
1608 161 1753 221 ὥστε
1784 189 1910 226 τους

315 250 507 312 τόνους
549 250 774 327 ἕψοντες
810 252 947 308 τῶν
961 251 1188 309 κλινέων
1230 251 1532 310 ἐσιτέοντο·
1586 250 1713 308 ἐπεί
1746 277 1808 310 τε
1850 252 1911 310 δὲ

317 338 443 397 οὐδὲ
479 342 655 397 ταῦτα
695 339 773 396 ἔτι
815 337 982 416 εἶχον,
1017 337 1158 396 οὕτω
1200 337 1267 414 δή
1303 337 1413 398 ΰπό
1454 338 1621 398 νύκτα
1662 338 1909 417 οἴχονται

316 425 652 503 ἀποδράντες
693 425 754 484 οἴ
788 451 850 484 τε
895 427 1118 502 Πέρσαι
1161 427 1252 484 καὶ
1294 427 1327 486 ὅ
1367 426 1705 504 Ἀρταΰκτης
1744 428 1834 485 καὶ
1874 427 1908 487 6

319 513 615 588 Οἰόβαζος,
643 511 846 572 ὄπισθε
871 516 974 572 τοῦ
995 513 1211 592 τείχεος
1236 515 1581 590 καταβάντες
1604 520 1677 594 τῇ
1693 513 1769 590 ,ἦν
1790 520 1909 594 ἐρη-

311 601 558 677 μότατον
603 605 714 662 τῶν
760 602 1060 677 πολεμίων·
1129 602 1198 664 ὦς
1240 603 1299 660 δὲ
1339 601 1521 679 ἡμέρη
1569 604 1802 682 ἐγένετο,
1858 608 1909 664 οἶ

318 693 733 766 Χερσονησῖται
759 688 872 748 ἀπὸ
889 692 1001 750 τῶν
1017 689 1244 770 πύργων
1262 689 1549 768 ἐσήμηναν
1571 695 1725 749 τοῖσι
1743 690 1908 768 Ἀθη-

313 779 521 836 ναίοισι
545 778 612 838 ra
637 778 870 860 γεγσνός
895 778 988 836 καὶ
1013 778 1115 841 ταῖς
1138 778 1317 841 πύλας
1350 777 1589 847 ἄνοιξαν·
1630 782 1742 838 τῶν
1767 778 1827 836 δὲ
1856 783 1911 838 οἱ

223 866 332 924 119
351 869 454 941 μὲν
489 870 721 929 πλεῦνες
766 867 1004 936 ἐδίωκον,
1035 869 1088 925 οἱ
1114 866 1174 924 δὲ
1199 865 1301 941 τὴν
1325 865 1494 926 πόλιν
1521 865 1692 945 εἶχον.
1780 865 1909 926 Οἷό-

311 955 492 1029 βαζον
527 955 632 1032 μέν
663 980 760 1014 νυν
805 953 1119 1034 ἐκφυγόντα
1156 959 1211 1016 ἐς
1249 953 1351 1029 τὴν
1394 954 1640 1030 Θρηίκην
1676 954 1910 1030 Θρήϊκες

309 1040 590 1119 Ἀψίνθιοι
642 1042 918 1118 λαβόντες
974 1042 1181 1102 ἔθυσαν
1238 1041 1583 1121 Πλειστώρῳ
1638 1043 1909 1121 ἐπιχωρίῳ

311 1130 434 1208 θεῷ,
461 1131 648 1210 τρόπῳ
673 1135 750 1209 τῷ
779 1131 1055 1210 σφετέρῳ·
1095 1129 1227 1192 τοῦς
1257 1131 1317 1190 δὲ
1352 1129 1472 1206 μετ’
1500 1131 1721 1199 ἐκείνου,
1748 1129 1908 1209 ἄλλῳ

309 1217 498 1298 τρόπῳ
527 1219 852 1294 ἐφόνευσαν·
895 1221 951 1276 οἱ
974 1218 1049 1277 ’δὲ
1077 1217 1229 1295 ἀμφὶ
1259 1217 1358 1278 τὸν
1381 1218 1725 1295 Ἀρταΰκτην
1748 1217 1908 1278 ῦστε-

242 1325 250 1332 ·
313 1331 403 1381 ροι
430 1305 762 1384 ὁρμηθέντες
789 1307 1030 1388 φεύγειν,
1053 1307 1145 1364 καὶ
1172 1306 1242 1369 ὦς
1270 1306 1765 1382 κατελαμβάνοντο
1790 1305 1907 1366 ὀλί-

309 1419 403 1472 γοι
429 1394 608 1457 ἐόντες
640 1394 780 1471 ΰπέρ
818 1394 990 1474 Αἰγὸς
1029 1397 1322 1470 Ποταμῶν,
1353 1392 1680 1469 ἀλεξόμενοι
1704 1393 1908 1472 χρόνον

311 1481 400 1538 ἐπὶ
438 1481 662 1560 συχνὸν,
697 1485 750 1540 οἱ
779 1483 882 1558 μὲν
915 1481 1192 1541 ἀπέθανον
1220 1483 1273 1540 οἱ
1299 1481 1359 1540 δὲ
1386 1483 1579 1551 ζῶντες
1615 1480 1905 1557 ἐλάμφθη-

309 1593 440 1628 σαν·
483 1571 575 1628 καὶ
629 1569 1006 1644 συνδήσαντές
1041 1575 1227 1645 σφεας
1268 1571 1321 1628 οἱ
1350 1567 1628 1644 ’Έλληνες
1672 1567 1811 1650 ἦγον
1846 1577 1901 1634 ἐς

310 1657 552 1732 Σηστόν·
605 1657 724 1733 μετ’
768 1658 947 1717 αὐτῶν
989 1657 1048 1716 δὲ
1088 1659 1180 1716 καὶ
1220 1655 1563 1734 Ἀρταΰκτην
1604 1656 1904 1732 δεδεμένον,

217 1744 244 1800 1
257 1745 332 1802 20
349 1743 516 1802 αὐτόν
539 1771 601 1803 τε
629 1745 720 1802 καὶ
739 1744 840 1804 τᾶν
859 1745 1031 1803 παῖδα
1052 1745 1241 1804 αὐτοῦ.
1300 1745 1421 1804 Καί
1434 1769 1537 1824 τεῳ
1554 1747 1664 1803 τῶν
1684 1748 1905 1819 φυλασ-

309 1857 522 1890 σοντων
561 1831 786 1912 λέγεται
824 1831 934 1889 fimi
983 1832 1463 1907 Χερσονησιτέων,
1504 1833 1765 1909 ταρίχους
1806 1831 1903 1891 ὄπ-

304 1921 468 1976 τῶντι
511 1917 674 1994 τέρας
709 1918 975 2025 γενέσθαι
1021 1917 1368 1978 τοιόνδε·οι
1409 1943 1631 1996 ταριχοι
1685 1918 1777 1977 ἐπὶ
1829 1923 1906 1998 τῷ

306 2005 439 2081 πυρὶ
474 2005 713 2082 κείμενοι
751 2003 1066 2066 ἐπάλλοντό
1092 2031 1155 2065 τε
1180 2005 1275 2063 καὶ
1299 2003 1597 2081 ἤσπαιρον,
1625 2005 1765 2069 ὅκως
1798 2031 1905 2083 περ

309 2091 492 2170 ιχθΰες
517 2091 836 2154 νεοάλωτοι·
873 2119 966 2152 και
995 2097 1048 2153 οἱ
1073 2095 1176 2170 μὲν
1194 2092 1577 2172 περιχυθέντες
1604 2092 1905 2167 εθῶμαζον·

308 2180 340 2240 ὁ
431 2181 846 2259 εἈρταΰκῚ-ης
893 2181 964 2245 ὦς
1019 2181 1128 2242 εἶδε
1169 2181 1235 2241 τό
1282 2182 1460 2257 τέρας,
1510 2180 1756 2242 καλέσας
1806 2181 1907 2241 τόν

309 2269 564 2330 ὀπτῶντα
597 2295 728 2333 τους
751 2271 1012 2348 ταρίχους
1039 2271 1167 2346 ἔφη·
1212 2279 1247 2305 “
1266 2271 1406 2340 ξεῖνε
1428 2267 1706 2343 Ἀθηναῖε,
1732 2267 1909 2344 μηδεν

311 2358 498 2433 φοβέο
545 2357 611 2416 ard
646 2358 810 2434 τέρας
849 2361 1034 2418 τοῦτο·
1098 2357 1162 2416 οΰ
1203 2358 1313 2438 γοῖρ
1350 2356 1447 2415 σοὶ
1484 2356 1718 2434 πέφῃνε·
1774 2353 1904 2413 ἀλλ’

307 2445 431 2521 ἐμοὶ
477 2446 740 2522 σημαίνει
793 2443 825 2505 ὅ
849 2499 856 2506 .
880 2449 938 2504 ἐν
987 2443 1306 2505 Ἐλαιοῦντι
1359 2445 1773 2520 Πρωτεσίλεως,
1820 2441 1907 2502 ὅτι

314 2533 405 2590 καὶ
431 2532 660 2596 τεθνεώς
687 2532 780 2590 καὶ
813 2532 1044 2611 τάριχος
1067 2532 1171 2592 ε’ὠν
1198 2532 1427 2609 δύναμιν
1463 2531 1605 2608 πρὸς
1630 2532 1768 2592 θεῶν
1794 2531 1906 2609 ἔχει

304 2617 406 2676 τᾶν
431 2618 722 2680 ἀδικέοντα
746 2621 1014 2680 τίνεσθαι·
1045 2624 1142 2680 νῦν
1169 2618 1246 2680 ὧν
1270 2618 1474 2681 ἄποινά
1500 2623 1553 2678 οἱ
1576 2618 1708 2678 τάδε
1733 2619 1907 2678 ἐθέλω

312 2705 597 2763 ἐπιθεῖναι·
652 2705 777 2766 ἀντὶ
819 2709 922 2783 μὲν
957 2706 1259 2785 χρημάτων
1298 2711 1409 2768 τῶν
1429 2707 1664 2814 μ,ἔλαβον
1704 2710 1764 2764 ἐκ
1804 2704 1909 2764 τοῦ

308 2790 445 2862 ἱροῦ,
489 2791 684 2850 ἐκατον
725 2792 976 2854 τάλαντα
1023 2796 1341 2856 καταθεῖναι
1380 2798 1458 2873 τῷ
1504 2795 1628 2871 θεῷ·
1690 2791 1811 2853 ἀντὶ
1858 2790 1905 2850 δ’

307 2877 579 2945 ἐμεωυτοῦ
606 2878 698 2934 καὶ
724 2885 826 2938 τοῦ
852 2881 1048 2944 παιδος
1073 2881 1349 2942 οἷποδωσω
1375 2881 1623 2942 τάλαντα
1650 2879 1907 2955 διηκόσια

305 2952 669 3030 Ἀθηναιοισι,
729 2968 1208 3045 ,περιγενόμενοςῗ
1288 2995 1464 3044 ταυυ.
1510 2966 1904 3044 ὑπισχόμενος,

304 3038 404 3096 τόν
429 3047 748 3124 στρατηγὸν
773 3051 1104 3114 Ξάνθιππον
1132 3082 1230 3114 ουκ
1260 3056 1457 3115 ἔπειθε·
1502 3056 1555 3113 οἷ
1579 3079 1691 3134 γαρ
1716 3053 1907 3112 Ἐλαι-

307 3121 488 3180 ούσιοι
511 3130 590 3202 τῷ
617 3135 992 3214 Πρωτεσίλεῳ
1011 3143 1372 3217 τιμωρέοντες
1391 3139 1607 3202 ἐδέοντό
1624 3165 1723 3217 μιν
1742 3166 1907 3201 κατα·

303 3208 634 3278 Χρησθῆναι,
674 3215 766 3271 καὶ
807 3218 977 3278 αὐτοῦ
1017 3229 1119 3282 τοῦ
1160 3233 1483 3309 στρατηγοῦ
1512 3226 1685 3307 ταύτῃ
1718 3226 1751 3290 ὁ
1782 3228 1909 3302 νόος
