2192 3409
287 128 381 179 194
896 130 1261 181 ἭΡοΔοτοτ
1727 131 1882 197 [vu.

283 213 484 283 σφεας,
537 213 704 269 τοῦτο
754 209 1220 287 προεφυλάξαντο
1272 211 1326 268 οἶ
1377 210 1605 273 Φωκέες·
1676 212 1770 270 καὶ
1814 213 1883 272 τό

282 294 427 372 ὕδωρ
465 294 531 356 τὸ
573 296 780 373 θερμὰν
808 297 936 357 τότε
975 301 1188 372 ἐπῆκαν
1223 297 1315 357 ἐπὶ
1347 296 1452 373 τὴν
1477 296 1691 367 ἔσοδον,
1722 298 1794 363 ὦς
1819 298 1886 360 ἂν

284 383 665 461 χαραδρωθείη
707 382 739 443 ὅ
777 388 977 463 χῶρος·
1017 388 1131 444 πᾶν
1169 384 1584 463 μηχανεῶμενοι
1625 385 1764 449 ὅκως
1801 387 1885 463 μή

287 477 400 546 σφι
426 470 731 546 ἐσβάλοιεν
758 474 811 531 οἶ
831 472 1179 531 Θεσσαλοὶ’
1153 473 1245 531 επὶ
1271 471 1375 547 τὴν
1399 472 1604 550 χώρην·
1686 500 1752 533 το
1779 474 1885 551 μέν

285 582 382 617 νυν
411 561 597 635 τεῖχος
629 556 695 617 τὸ
729 558 963 635 αρχαῖον
993 563 1055 617 ἐκ
1093 562 1340 618 παλαιοῦ
1378 584 1442 618 τε
1458 560 1762 646 ἐδέδμητο,
1791 562 1885 619 καὶ

285 643 353 703 τὰ
392 644 569 703 πλέον
608 642 779 703 αὐτοῦ
814 644 923 721 ἤδη
968 645 1079 707 ὕπο
1120 646 1326 724 χρόνου
1367 647 1558 706 ἔκειτο·
1611 650 1765 706 τοῖσι
1807 648 1881 721 δὲ,

288 756 441 795 αυτις
493 729 803 808 ὀρθώσασι,
848 732 1001 803 ἔδοξε
1050 734 1224 813 ταύτῃ
1277 732 1586 811 α’παμύνειν
1631 734 1744 793 ἅπό
1783 738 1887 810 τῆς

284 817 563 882 Ἑλλάδος
601 818 701 878 τόν
736 818 1057 897 βάρβαρον.
1139 820 1296 899 κώμη
1337 820 1402 881 δέ
1437 824 1560 881 ἐστι
1591 820 1884 903 ἀγχοτάτω

286 910 388 981 τῆς
412 906 561 977 ὁδοῦ,
587 906 863 983 Ἀλπηνοὶ
900 906 1126 984 οὕνομα·
1169 912 1230 969 ἐκ
1264 907 1467 985 ταύτης
1505 909 1567 969 δὲ
1598 912 1883 971 ἐπισιτιεῖ-

290 994 429 1055 σθαι
456 994 774 1106 ἐλογίζοντο
800 998 854 1054 οἱ
868 994 1164 1071 Ἕλληνες.
1227 1049 1232 1055 .

199 1080 312 1142 177
400 1084 473 1142 Οι
495 1083 601 1159 μέν
625 1108 722 1142 νυν
738 1086 913 1161 χῶροι
939 1108 1093 1142 ουτοι
1117 1086 1270 1143 τοῖσι
1283 1082 1541 1159 Ἕλλησι
1567 1083 1704 1143 εἶναι
1724 1085 1894 1155 ἐφαί-.

288 1195 449 1229 νοντο
503 1168 796 1245 ἐπιτήδεοι·
850 1168 1067 1228 ἅπαντα
1117 1168 1226 1251 γὰρ
1278 1170 1746 1249 προσκεψάμενοι,
1790 1172 1882 1230 καὶ

289 1255 810 1339 ἐπιλογισθέντες’
778 1282 865 1317 οτι
900 1255 1027 1316 οὔτε
1064 1257 1271 1334 πλήθει
1312 1258 1500 1327 ἕξουσι
1537 1260 1788 1337 χρᾶσθαι
1829 1262 1882 1317 οἱ

287 1344 580 1422 βάρβαροι
611 1342 737 1404 οὔτε
773 1344 938 1423 ἵππῳ,
970 1344 1145 1424 ταύτῃ
1176 1350 1288 1419 σφι
1319 1345 1470 1415 ἔδοξε
1499 1344 1757 1405 δέκεσθαι
1781 1346 1882 1405 τόν

290 1431 517 1491 ἐπιόντα
547 1434 639 1491 ἐπὶ
668 1431 774 1508 τήν
796 1431 1066 1491 Ἒιλλάὸα·
1123 1431 1194 1496 ὥς
1223 1432 1283 1491 δὲ
1315 1432 1582 1506 ἐπύθοντο
1611 1432 1711 1493 τόν
1736 1434 1878 1510 Πέρ-

256 1558 261 1561 -
290 1542 399 1594 σην
441 1519 600 1579 ἐόντα
641 1523 700 1579 ἐν
742 1520 959 1597 Πιερίῃ,
992 1520 1340 1582 διαλυθέντες
1383 1525 1444 1579 ἐκ
1484 1524 1586 1580 τοῦ
1627 1521 1877 1598 Ἰσθμοῦ,

293 1604 688 1681 ἐστρατεύοντο
735 1605 915 1667 αὐτῶν
962 1608 1015 1666 οἶ
1057 1609 1162 1685 μὲν
1209 1612 1267 1670 ἐς
1304 1607 1673 1685 Θερμοπύλας
1723 1609 1876 1686 πεζῇ,

288 1690 460 1751 ἄλλοι
486 1692 545 1751 δὲ
570 1716 708 1752 κατα
738 1694 1041 1753 θάλασσαν
1071 1693 1156 1753 ἐπ’
1179 1694 1558 1772 Ἀρτεμίσιον.

198 1780 313 1841 178
398 1782 472 1839 Οἱ
508 1781 613 1856 μὲν
651 1779 719 1856 δὴ
749 1780 1026 1857 Ἕλληνες
1062 1782 1210 1842 κατοὶ
1245 1782 1418 1861 τάχος
1458 1782 1730 1858 ἐβοήθεον
1771 1780 1883 1839 δια-

288 1867 601 1946 ταχθέντες.
685 1870 909 1945 Δελφοὶ
935 1869 981 1928 δ’
1008 1874 1067 1928 ἐν
1089 1869 1266 1949 τούτῳ
1301 1873 1378 1948 τῷ
1401 1870 1584 1950 χρόνῳ
1610 1875 1882 1950 ἐχρηστη-

286 1956 543 2031 ριάζοντο
587 1958 665 2036 τῷ
710 1956 831 2035 θεῷ,
876 1956 1016 2035 ὔπὲρ
1071 1961 1281 2017 ἐωυτῶν
1327 1958 1420 2015 καὶ
1461 1963 1562 2032 τῆς
1604 1957 1884 2021 Ἑλλάδος

287 2043 780 2122 καταρρωδηκότες·
835 2046 935 2105 καί
974 2051 1087 2121 σφι
1133 2046 1386 2125 ἐχρήσθη
1433 2043 1688 2121 οἶνέμοισι
1733 2045 1880 2124 εὔχε-

288 2131 446 2192 σθαι·
501 2131 783 2213 μεγάλους
826 2132 939 2214 γσῖρ
979 2132 1208 2195 τούτους
1253 2134 1487 2193 ἔσεσθαι
1530 2134 1604 2211 τῇ
1644 2130 1884 2190 Ἑλλάδι

288 2218 637 2300 συμμάχους.
720 2221 943 2299 Δελφοὶ
1010 2221 1069 2279 δὲ
1137 2220 1424 2298 δεξάμενοι
1478 2218 1544 2280 v&
1594 2218 1879 2296 μαντήῖον,

287 2313 481 2385 πρῶτα
501 2311 621 2387 μὲν,
646 2308 937 2386 Ἑλλήνων
960 2311 1114 2370 τοῖσι
1132 2308 1541 2385 βουλομένοισι
1569 2307 1708 2367 εἶναι
1733 2311 1882 2366 ἐλευ-

290 2396 503 2473 θέροισι
522 2397 860 2479 ’ἐξῆῃειλαν
882 2396 954 2457 τσῖ
978 2396 1302 2476 χρησθέντα
1328 2395 1572 2456 αὐτοῖσι·
1655 2395 1752 2453 καί
1772 2400 1884 2470 σφι

288 2484 473 2548 δεινῶς
506 2484 949 2562 καταρρωδέουσι
983 2484 1082 2544 τόν
1110 2482 1417 2560 βάρβαρον
1447 2482 1882 2563 ἐξαγγείλαντες,

285 2570 452 2649 χάριν
470 2569 745 2633 ἀθάνατον
770 2572 1082 2631 κατέθεντο·
1123 2570 1266 2648 μετὰ
1293 2570 1560 2644 δὲταῦτα,
1589 2573 1642 2629 οἱ
1661 2570 1884 2644 Δελφοὶ

285 2661 441 2715 τοῖσι
481 2658 739 2735 ἀνέμοισι
778 2658 977 2734 βωμόν
1011 2682 1074 2717 τε
1113 2656 1386 2727 ἀπέδεξαν
1421 2663 1480 2717 ἐν
1509 2657 1668 2734 Θυίῃ,
1707 2660 1885 2733 τῇπερ

288 2747 389 2816 τῆς
423 2748 695 2819 Κηφισοῦ
731 2744 1003 2824 θυγατρός
1036 2746 1208 2819 Θυίης
1241 2743 1308 2803 τό
1349 2742 1574 2820 τέμενός
1617 2748 1757 2812 ἐστι,
1802 2740 1883 2801 ἐπ’

285 2825 355 2901 ἧς
392 2828 483 2886 καὶ
518 2827 550 2887 ὅ
588 2834 769 2908 χῶρος
804 2828 963 2893 οὗτος
996 2828 1102 2905 τήν
1140 2831 1450 2905 ἐπωνυμίην
1489 2830 1622 2907 ἔχει·
1665 2830 1758 2887 καὶ
1795 2831 1883 2890 θυ-

288 2914 461 2990 σίῃσί
500 2922 682 2991 σφεας
719 2915 1011 2992 μετήῖσαν.
1096 2917 1320 2991 Δελφοὶ
1365 2919 1470 2992 μὲν
1510 2914 1578 2989 δὴ
1632 2916 1776 2975 κατὰ
1819 2915 1886 2975 τό

288 3002 633 3077 χρηστήριον
658 3003 739 3061 ἔτι
765 3002 856 3059 καὶ
882 3005 979 3060 νῦν
1002 3000 1132 3063 τοῦς
1158 3001 1390 3078 ἀνέμους
1417 3001 1766 3061 ἱλάσκονται.

199 3085 311 3143 179
394 3085 462 3144 Ὅ
501 3087 561 3144 δὲ
592 3087 841 3149 ναυτικὸς
876 3087 1091 3164 Ξέρξεω
1129 3090 1388 3167 στρατός,
1431 3114 1784 3167 ορμεωμενος
1827 3096 1890 3151 ἐκ

290 3172 511 3246 Θέρμης
533 3172 747 3239 πόλιος,
775 3174 1072 3249 παρέβαλε
1096 3178 1264 3253 νηυσὶ
1288 3182 1425 3256 τῇσι
1451 3177 1656 3255 ἄριστα.
1680 3178 1888 3238 πλεου-

292 3276 434 3329 σῃσι
460 3255 591 3312 δέκα
618 3256 703 3313 ἰθῦ
726 3257 985 3319 Σκιάθου·
1028 3262 1220 3322 ἔνθα’
1183 3290 1334 3339 ησαν
1359 3264 1888 3340 προφυλάσσουσαι
