2192 3409
272 115 366 163 150
883 109 1255 161 ἮΡοΔοωοτ
1717 108 1866 173 [vn.

272 193 410 261 τόξα
469 190 734 270 ἐπιχώρια
798 188 1081 265 καλάμινα
1143 191 1359 267 ἔχοντες
1418 188 1510 247 καὶ
1562 186 1870 260 άκινάκεας,

271 278 688 356 ἐστρατεύοντο·
731 273 888 336 οὗτοι
923 277 1028 353 μὲν
1069 275 1212 336 οὕτω
1237 274 1593 345 ἐσκευάδατο,
1621 275 1872 355 ἡγεμόνα

273 365 646 446 παρεχόμενοι
680 362 1049 440 Ἀριόμαρδον
1088 363 1191 423 τᾶν
1227 362 1531 439 Ἀρτυφίου
1571 362 1870 438 ἀδελφεόν.

273 455 564 534 Σαράγγαι
589 452 648 511 δὲ
676 450 876 526 εἵματα
901 452 1004 526 μὲν
1021 452 1366 528 βεβαμμένα
1394 452 1693 527 ἐνέπρεπον
1717 452 1870 530 ἔχον-

269 566 377 605 τες·
422 540 624 599 πέδιλα
667 537 725 597 δὲ
769 543 824 601 ἐς
863 536 1000 618 γόνυ
1039 536 1395 599 ἀνατείνοντα
1436 536 1603 616 εἶχον,
1632 536 1771 607 τόξα
1812 539 1871 596 δὲ

271 630 364 687 καὶ
401 624 606 704 αἰχμάς
647 624 919 700 Μηδικάς·
964 626 1299 707 Σαραγγέων
1334 626 1395 685 δὲ
1428 623 1571 703 ἦρχε
1606 624 1870 701 Φερενδά-

269 740 371 790 της
417 713 448 771 ὁ
497 712 864 793 Μεγαβάζου.
949 712 1205 777 Πάκτυες
1249 713 1308 773 δὲ
1356 710 1765 789 σισυρνοφόροι
1809 738 1871 770 τε

270 800 422 877 ἦσαν
448 801 543 859 καὶ
566 799 705 871 τόξα
731 800 998 879 ἐπιχώρια
1024 800 1177 880 εἶχον
1202 801 1297 861 καὶ
1322 798 1641 879 ἐγχειρίδια.
1716 798 1871 857 Πάκ-

269 914 392 952 τυες
443 888 502 947 δὲ
554 886 800 966 ἄρχοντα
849 888 1185 966 παρείχοντο
1232 887 1537 965 Ἀρτύντην
1582 887 1682 947 τόν
1726 884 1870 946 Ἰθα-

177 978 253 1035 68
270 975 500 1055 μάτρεω.
592 973 787 1035 Οὔτιοι
827 976 888 1035 δὲ
932 976 1026 1035 καὶ
1067 974 1257 1035 Μύκοι
1297 1001 1358 1037 τε
1402 975 1495 1035 καὶ
1538 974 1870 1049 Παρικάνιοι

271 1065 670 1141 ἐσκευασμένοι
715 1061 866 1138 ἦσαν
917 1063 1162 1139 κατάπερ
1205 1063 1471 1126 Πάκτυες.
1557 1059 1764 1121 τούτων
1811 1062 1871 1121 δὲ

268 1152 444 1231 ἦρχον
487 1152 620 1212 οἵδε·
665 1151 879 1211 Οὐτίων
918 1154 1023 1229 μὲν
1068 1152 1161 1210 καὶ
1201 1151 1409 1211 Μύκων
1441 1149 1794 1227 Ἀρσαμένης
1834 1148 1869 1209 ό

271 1241 528 1318 Δαρείου·
584 1240 938 1316 Παρικανίων
991 1238 1052 1299 δὲ
1100 1238 1433 1314 Σιρομίτρης
1479 1236 1511 1296 ὁ
1563 1236 1868 1312 Οιοβάζου.

177 1330 249 1387 69
272 1326 538 1405 Ἀράβιοι
577 1328 638 1387 δὲ
677 1327 859 1406 ζειρας
893 1324 1343 1403 ὖπεζωσμένοι’
1308 1350 1477 1401 ησαν·
1516 1324 1655 1394 τόξα
1678 1324 1739 1383 δὲ
1764 1348 1869 1385 πα-

267 1416 494 1477 λίντονα
527 1415 680 1493 εἶχον
705 1415 845 1491 πρὸς
871 1415 1038 1485 δεξιά,
1063 1414 1270 1493 μακρά.
1352 1413 1616 1476 Αἰθίοπες
1642 1412 1703 1471 δὲ
1728 1438 1869 1490 παρ-

268 1500 469 1565 δαλέας
492 1528 556 1562 τε
591 1503 684 1561 καὶ
725 1503 983 1564 λεοντέας
1019 1501 1333 1579 ἐναμμένοι,
1358 1500 1497 1571 τόξα
1524 1500 1663 1559 δὲ’
1611 1526 1761 1577 ειχον
1802 1505 1865 1559 ἐκ

269 1589 517 1663 φοίνικος
559 1587 782 1662 σπάθης
829 1589 1175 1664 πεποιημένα
1221 1612 1427 1664 μακρα,
1477 1586 1870 1664 τετραπήχεων

269 1674 368 1735 ούκ
412 1674 661 1733 ἐλάσσω·
705 1676 796 1733 ἐπὶ
839 1674 914 1745 δὲ,
959 1676 1300 1752 καλαμίνους
1342 1672 1566 1737 όῖστοις
1605 1672 1868 1750 μακρούς·

269 1761 416 1843 (α’ντὶ
458 1762 516 1820 δὲ
559 1761 792 1839 σιδήρου
829 1766 967 1837 ἐπῆν
1003 1764 1165 1825 λίθος
1202 1761 1329 1831 ὀξὺς
1368 1762 1755 1837 πεποιημένος,
1793 1767 1872 1840 τῷ

269 1848 362 1908 καὶ
384 1849 485 1912 τὰς
505 1848 824 1930 σφρηγῖδας
843 1848 1178 1929 γλύφουσι·)
1205 1849 1345 1925 πρὸς
1370 1849 1447 1919 δὲ,
1464 1848 1669 1927 αἰχμᾶς
1696 1849 1867 1929 εἶχον·

269 1938 361 1996 ἐπὶ
401 1937 476 2005 δὲ,
506 1936 668 2012 κέρας
709 1936 975 2013 δορκάδος
1016 1940 1157 2012 ἐπῆν
1196 1936 1296 2007 ὀξὺ
1327 1938 1719 2014 πεποιημένον,
1744 1936 1869 2013 τρό-

265 2050 376 2085 πον
420 2022 654 2105 λόγχης·
698 2023 852 2104 ειχον
895 2024 954 2083 δε
997 2025 1090 2084 καὶ
1132 2024 1361 2103 ῥόπαλα
1394 2022 1633 2084 τυλωτά·
1672 2027 1772 2085 τοῦ
1810 2024 1870 2085 δὲ

272 2110 533 2187 σώματος
571 2112 638 2172 τὸ
679 2114 782 2189 μὲν
820 2111 996 2189 ἥμισυ
1037 2112 1404 2189 ἐξηλείφοντο
1428 2112 1636 2193 γύψω’
1618 2110 1789 2175 ιόντες
1816 2117 1871 2173 ἐς

270 2198 476 2279 μάχην,
505 2226 571 2259 το
599 2199 701 2258 δ’
675 2226 860 2277 ετερον
883 2201 1062 2277 ἥμισυ
1100 2202 1301 2281 μιλτω.
1381 2199 1665 2277 Ἀραβίων
1691 2199 1750 2259 δὲ
1777 2201 1870 2257 καὶ

267 2287 552 2349 Αἰθιόπων
587 2313 700 2348 των
738 2288 878 2365 ὑπὲρ
906 2288 1193 2368 Αἰγύπτου
1232 2289 1534 2367 οἰκημένων
1572 2286 1714 2367 ἦρχε
1742 2286 1869 2363 Ἀρ-

270 2375 474 2453 σάμης,
502 2376 535 2437 ὁ
563 2377 804 2453 Δαρείου
831 2377 923 2435 καὶ
948 2376 1335 2452 Ἀρτυστωνης
1356 2380 1459 2452 τῆς
1484 2373 1676 2452 Κύρου
1702 2376 1866 2454 θυγα-

270 2464 419 2541 τρός·
459 2464 566 2540 τὴν
605 2464 860 2540 μάλιστα
901 2464 1138 2541 στέρξας
1174 2467 1288 2524 τῶν
1316 2466 1589 2545 γυναικῶν
1615 2465 1867 2539 Δαρεῖος,

269 2550 394 2611 εἶκαὶ
435 2552 682 2630 χρυσέην
724 2551 1096 2627 σφυρήλατον
1128 2550 1453 2627 ἐποιήσατο.
1535 2553 1645 2611 τῶν
1668 2552 1775 2625 μὲν
1801 2548 1867 2622 δὴ

263 2635 402 2713 υπὲρ
429 2636 714 2717 Αἰγύπτου
741 2638 1024 2699 Αἰθιόπων
1051 2638 1145 2697 καὶ
1168 2636 1521 2715 Ἀραβίων’
1485 2662 1625 2717 ηρχε
1663 2634 1869 2712 Ἀρσά-

264 2834 375 2886 γαρ
401 2808 469 2883 δή
491 2810 930 2890 ἐστρατεύοντο,)
957 2810 1415 2889 προσετετάχατο
1441 2815 1595 2871 τοῖσι
1620 2809 1866 2880 Ἰνδοῖσι,

267 2894 709 2957 διαλλάσσοντες
747 2896 888 2959 εἶδος
921 2898 1024 2970 μὲν
1059 2894 1219 2953 ουδὲν
1260 2900 1413 2955 τοῖσι
1453 2897 1715 2972 ἑτέροισι,
1754 2902 1868 2969 φω-

267 2979 369 3053 νὴν
406 2980 464 3039 δὲ
497 2980 588 3038 καὶ
629 2982 883 3057 τρίχωμα
917 2985 1143 3055 μοῦνον·
1186 2984 1241 3039 οἱ
1275 2984 1378 3056 μὲν
1416 2981 1529 3059 γαῖρ
1570 2981 1667 3039 ἀπ’
1702 2980 1869 3055 η’λίου

268 3066 529 3128 Αἰθίοπες
571 3066 842 3143 ῖθύτριχές
882 3069 1011 3125 εἶσι·
1054 3068 1109 3122 οἱ
1133 3065 1193 3123 δὲ
1218 3071 1280 3123 ἐκ
1316 3070 1419 3139 τῆς
1442 3066 1664 3141 Λιβύης
1704 3064 1866 3124 οὐλό-

266 3173 434 3207 τατον
471 3154 722 3227 τρίχωμα
747 3152 946 3227 ἔχουσι
969 3149 1193 3211 πάντων
1219 3149 1539 3225 ἀνθρώπων.
1626 3149 1781 3210 οὗτοι
1808 3153 1868 3209 δὲ

56 3282 115 3352 Ε
271 3234 325 3290 οἱ
365 3238 426 3291 ἐκ
467 3239 567 3309 τῆς
606 3233 804 3309 Ἀσίης
846 3234 1126 3305 Αἰθίοπες,
1169 3235 1241 3295 τοὶ
1278 3237 1383 3309 μὲν
1422 3237 1577 3294 πλέω
1618 3235 1865 3311 κατάπερ
