<?xml version="1.0" encoding="UTF-8"?>
<!DOCTYPE html PUBLIC "-//W3C//DTD XHTML 1.0 Transitional//EN"
    "http://www.w3.org/TR/xhtml1/DTD/xhtml1-transitional.dtd">
<html xmlns="http://www.w3.org/1999/xhtml" xml:lang="en" lang="en">
 <head>
  <title>
</title>
<meta http-equiv="Content-Type" content="text/html;charset=utf-8" />
  <meta name='ocr-system' content='tesseract 3.04.00' />
  <meta name='ocr-capabilities' content='ocr_page ocr_carea ocr_par ocr_line ocrx_word'/>
</head>
<body>
  <div class='ocr_page' id='page_1' title='image "./herodotus14herogoog_0106.png"; bbox 0 0 2192 3409; ppageno 0'>
   <div class='ocr_carea' id='block_1_1' title="bbox 205 111 1902 2642">
    <p class='ocr_par' dir='ltr' id='par_1_1' title="bbox 299 111 1902 1239">
     <span class='ocr_line' id='line_1_1' title="bbox 304 111 1897 174; baseline -0.002 -8"><span class='ocrx_word' id='word_1_1' title='bbox 304 124 364 168; x_wconf 76' lang='lat'>98</span> <span class='ocrx_word' id='word_1_2' title='bbox 890 114 1253 166; x_wconf 65' lang='grc' dir='ltr'>ἩΡοΑοϊοϊ</span> <span class='ocrx_word' id='word_1_3' title='bbox 1777 111 1897 174; x_wconf 67' lang='lat' dir='ltr'>[VI.</span> 
     </span>
     <span class='ocr_line' id='line_1_2' title="bbox 302 190 1899 275; baseline -0.003 -17"><span class='ocrx_word' id='word_1_4' title='bbox 302 199 648 275; x_wconf 77' lang='grc' dir='ltr'>προπλώσας</span> <span class='ocrx_word' id='word_1_5' title='bbox 673 196 773 257; x_wconf 74' lang='grc' dir='ltr'>οὐκ</span> <span class='ocrx_word' id='word_1_6' title='bbox 801 190 866 255; x_wconf 82' lang='grc' dir='ltr'>ἔα</span> <span class='ocrx_word' id='word_1_7' title='bbox 891 222 991 259; x_wconf 90' lang='grc' dir='ltr'>τας</span> <span class='ocrx_word' id='word_1_8' title='bbox 1031 196 1157 257; x_wconf 83' lang='grc' dir='ltr'>νέας</span> <span class='ocrx_word' id='word_1_9' title='bbox 1186 193 1329 271; x_wconf 83' lang='grc' dir='ltr'>πρός</span> <span class='ocrx_word' id='word_1_10' title='bbox 1366 218 1470 268; x_wconf 85' lang='grc' dir='ltr'>την</span> <span class='ocrx_word' id='word_1_11' title='bbox 1508 195 1899 269; x_wconf 57' lang='grc' dir='ltr'>νῆσονστμοσ-</span> 
     </span>
     <span class='ocr_line' id='line_1_3' title="bbox 301 279 1901 363; baseline -0.003 -17"><span class='ocrx_word' id='word_1_12' title='bbox 301 288 644 363; x_wconf 85' lang='grc' dir='ltr'>ορμίζεσθαι,</span> <span class='ocrx_word' id='word_1_13' title='bbox 695 283 850 343; x_wconf 85' lang='grc' dir='ltr'>αλλα</span> <span class='ocrx_word' id='word_1_14' title='bbox 903 284 1078 359; x_wconf 89' lang='grc' dir='ltr'>πέρην</span> <span class='ocrx_word' id='word_1_15' title='bbox 1126 286 1184 342; x_wconf 79' lang='grc' dir='ltr'>ἐν</span> <span class='ocrx_word' id='word_1_16' title='bbox 1229 285 1301 360; x_wconf 83' lang='grc' dir='ltr'>τῇ</span> <span class='ocrx_word' id='word_1_17' title='bbox 1344 280 1571 359; x_wconf 85' lang='grc' dir='ltr'>Ρηνέῃ·</span> <span class='ocrx_word' id='word_1_18' title='bbox 1624 279 1789 343; x_wconf 74' lang='grc' dir='ltr'>αὐτὸς</span> <span class='ocrx_word' id='word_1_19' title='bbox 1840 283 1901 341; x_wconf 84' lang='grc' dir='ltr'>δὲ</span> 
     </span>
     <span class='ocr_line' id='line_1_4' title="bbox 300 368 1902 451; baseline -0.002 -18"><span class='ocrx_word' id='word_1_20' title='bbox 300 374 663 451; x_wconf 87' lang='grc' dir='ltr'>πυθόμενος</span> <span class='ocrx_word' id='word_1_21' title='bbox 639 399 727 432; x_wconf 92' lang='grc' dir='ltr'>ινα</span> <span class='ocrx_word' id='word_1_22' title='bbox 751 370 902 447; x_wconf 82' lang='grc' dir='ltr'>ἦσαν</span> <span class='ocrx_word' id='word_1_23' title='bbox 927 375 982 431; x_wconf 80' lang='grc' dir='ltr'>οἶ</span> <span class='ocrx_word' id='word_1_24' title='bbox 1011 370 1231 447; x_wconf 87' lang='grc' dir='ltr'>Δήλιοι,</span> <span class='ocrx_word' id='word_1_25' title='bbox 1260 370 1494 446; x_wconf 81' lang='grc' dir='ltr'>πέμπων</span> <span class='ocrx_word' id='word_1_26' title='bbox 1518 368 1729 446; x_wconf 81' lang='grc' dir='ltr'>κήρυκα</span> <span class='ocrx_word' id='word_1_27' title='bbox 1768 369 1902 450; x_wconf 83' lang='grc' dir='ltr'>ἠγό-</span> 
     </span>
     <span class='ocr_line' id='line_1_5' title="bbox 301 456 1901 539; baseline -0.003 -18"><span class='ocrx_word' id='word_1_28' title='bbox 301 463 428 539; x_wconf 88' lang='grc' dir='ltr'>ρευέ</span> <span class='ocrx_word' id='word_1_29' title='bbox 461 468 573 537; x_wconf 85' lang='grc' dir='ltr'>σφι</span> <span class='ocrx_word' id='word_1_30' title='bbox 609 459 759 519; x_wconf 82' lang='grc' dir='ltr'>τάδε·</span> <span class='ocrx_word' id='word_1_31' title='bbox 801 471 837 494; x_wconf 92' lang='lat'><strong>“</strong></span> <span class='ocrx_word' id='word_1_32' title='bbox 853 458 1099 535; x_wconf 75' lang='grc' dir='ltr'>ἅνδρες“</span> <span class='ocrx_word' id='word_1_33' title='bbox 1081 458 1207 535; x_wconf 86' lang='grc' dir='ltr'>ιροὶ,</span> <span class='ocrx_word' id='word_1_34' title='bbox 1242 458 1304 517; x_wconf 86' lang='grc' dir='ltr'>τί</span> <span class='ocrx_word' id='word_1_35' title='bbox 1338 456 1641 538; x_wconf 78' lang='grc' dir='ltr'>φεύγοντες</span> <span class='ocrx_word' id='word_1_36' title='bbox 1672 458 1901 536; x_wconf 83' lang='grc' dir='ltr'>οἴχεσθε</span> 
     </span>
     <span class='ocr_line' id='line_1_6' title="bbox 304 544 1901 627; baseline -0.002 -19"><span class='ocrx_word' id='word_1_37' title='bbox 304 549 403 608; x_wconf 78' lang='grc' dir='ltr'>οὐκ</span> <span class='ocrx_word' id='word_1_38' title='bbox 440 548 697 623; x_wconf 79' lang='grc' dir='ltr'>ἐπιτηδέα</span> <span class='ocrx_word' id='word_1_39' title='bbox 741 546 1103 627; x_wconf 81' lang='grc' dir='ltr'>καταγνόντες</span> <span class='ocrx_word' id='word_1_40' title='bbox 1148 545 1265 605; x_wconf 80' lang='grc' dir='ltr'>κατ’</span> <span class='ocrx_word' id='word_1_41' title='bbox 1302 548 1467 622; x_wconf 71' lang='grc' dir='ltr'>ε’μεῦς</span> <span class='ocrx_word' id='word_1_42' title='bbox 1512 544 1620 626; x_wconf 78' lang='grc' dir='ltr'>ε’γώ</span> <span class='ocrx_word' id='word_1_43' title='bbox 1654 544 1766 625; x_wconf 81' lang='grc' dir='ltr'>γοῖρ</span> <span class='ocrx_word' id='word_1_44' title='bbox 1808 548 1901 605; x_wconf 87' lang='grc' dir='ltr'>καὶ</span> 
     </span>
     <span class='ocr_line' id='line_1_7' title="bbox 301 633 1901 714; baseline 0 -21"><span class='ocrx_word' id='word_1_45' title='bbox 301 636 466 697; x_wconf 77' lang='grc' dir='ltr'>αὖτός</span> <span class='ocrx_word' id='word_1_46' title='bbox 493 635 583 693; x_wconf 80' lang='grc' dir='ltr'>ἐπὶ</span> <span class='ocrx_word' id='word_1_47' title='bbox 607 633 851 694; x_wconf 80' lang='grc' dir='ltr'>τοσοῦτό</span> <span class='ocrx_word' id='word_1_48' title='bbox 885 658 952 714; x_wconf 88' lang='grc' dir='ltr'>γε</span> <span class='ocrx_word' id='word_1_49' title='bbox 983 635 1217 710; x_wconf 82' lang='grc' dir='ltr'>φρονέω,</span> <span class='ocrx_word' id='word_1_50' title='bbox 1248 635 1345 692; x_wconf 86' lang='grc' dir='ltr'>καί</span> <span class='ocrx_word' id='word_1_51' title='bbox 1379 658 1479 709; x_wconf 88' lang='grc' dir='ltr'>μοι</span> <span class='ocrx_word' id='word_1_52' title='bbox 1520 638 1580 692; x_wconf 78' lang='grc' dir='ltr'>ἐκ</span> <span class='ocrx_word' id='word_1_53' title='bbox 1620 634 1901 709; x_wconf 84' lang='grc' dir='ltr'>βασιλέος</span> 
     </span>
     <span class='ocr_line' id='line_1_8' title="bbox 301 719 1900 801; baseline -0.001 -20"><span class='ocrx_word' id='word_1_54' title='bbox 301 721 405 781; x_wconf 84' lang='grc' dir='ltr'>ὦδε</span> <span class='ocrx_word' id='word_1_55' title='bbox 433 723 789 792; x_wconf 76' lang='grc' dir='ltr'>ἐπέσταλται,</span> <span class='ocrx_word' id='word_1_56' title='bbox 813 725 874 781; x_wconf 78' lang='grc' dir='ltr'>ἐν</span> <span class='ocrx_word' id='word_1_57' title='bbox 895 719 936 801; x_wconf 79' lang='grc' dir='ltr'>ᾗ</span> <span class='ocrx_word' id='word_1_58' title='bbox 962 721 1118 801; x_wconf 79' lang='grc' dir='ltr'>χώρῃ</span> <span class='ocrx_word' id='word_1_59' title='bbox 1146 725 1199 780; x_wconf 81' lang='grc' dir='ltr'>οἶ</span> <span class='ocrx_word' id='word_1_60' title='bbox 1224 720 1323 781; x_wconf 81' lang='grc' dir='ltr'>δύο</span> <span class='ocrx_word' id='word_1_61' title='bbox 1352 721 1470 781; x_wconf 84' lang='grc' dir='ltr'>θεοὶ</span> <span class='ocrx_word' id='word_1_62' title='bbox 1496 722 1749 801; x_wconf 78' lang='grc' dir='ltr'>ἐγένοντο</span> <span class='ocrx_word' id='word_1_63' title='bbox 1772 722 1900 781; x_wconf 78' lang='grc' dir='ltr'>ταύ-</span> 
     </span>
     <span class='ocr_line' id='line_1_9' title="bbox 300 808 1900 888; baseline -0.001 -17"><span class='ocrx_word' id='word_1_64' title='bbox 300 838 402 887; x_wconf 90' lang='grc' dir='ltr'>την</span> <span class='ocrx_word' id='word_1_65' title='bbox 441 810 616 888; x_wconf 81' lang='grc' dir='ltr'>μηδὲν</span> <span class='ocrx_word' id='word_1_66' title='bbox 653 810 928 880; x_wconf 82' lang='grc' dir='ltr'>σίνεσθαι,</span> <span class='ocrx_word' id='word_1_67' title='bbox 971 809 1115 887; x_wconf 86' lang='grc' dir='ltr'>μήτε</span> <span class='ocrx_word' id='word_1_68' title='bbox 1158 808 1331 885; x_wconf 79' lang='grc' dir='ltr'>αὐτὴν</span> <span class='ocrx_word' id='word_1_69' title='bbox 1360 808 1476 885; x_wconf 67' lang='grc' dir='ltr'>»τήν</span> <span class='ocrx_word' id='word_1_70' title='bbox 1522 808 1709 887; x_wconf 78' lang='grc' dir='ltr'>χώρην</span> <span class='ocrx_word' id='word_1_71' title='bbox 1754 809 1900 886; x_wconf 87' lang='grc' dir='ltr'>μήτε</span> 
     </span>
     <span class='ocr_line' id='line_1_10' title="bbox 299 895 1899 975; baseline 0 -17"><span class='ocrx_word' id='word_1_72' title='bbox 299 898 430 963; x_wconf 77' lang='grc' dir='ltr'>τοῦς</span> <span class='ocrx_word' id='word_1_73' title='bbox 477 898 766 975; x_wconf 83' lang='grc' dir='ltr'>οἰκήτορας</span> <span class='ocrx_word' id='word_1_74' title='bbox 811 897 999 973; x_wconf 78' lang='grc' dir='ltr'>αὖτῆς.</span> <span class='ocrx_word' id='word_1_75' title='bbox 1079 902 1181 958; x_wconf 79' lang='grc' dir='ltr'>νῦν</span> <span class='ocrx_word' id='word_1_76' title='bbox 1224 896 1297 957; x_wconf 83' lang='grc' dir='ltr'>ὧν</span> <span class='ocrx_word' id='word_1_77' title='bbox 1345 899 1437 957; x_wconf 85' lang='grc' dir='ltr'>καὶ</span> <span class='ocrx_word' id='word_1_78' title='bbox 1480 895 1643 956; x_wconf 73' lang='grc' dir='ltr'>ἄπιτε</span> <span class='ocrx_word' id='word_1_79' title='bbox 1690 898 1783 957; x_wconf 77' lang='grc' dir='ltr'>ἐπὶ</span> <span class='ocrx_word' id='word_1_80' title='bbox 1826 898 1899 958; x_wconf 71' lang='grc' dir='ltr'>τὰ</span> 
     </span>
     <span class='ocr_line' id='line_1_11' title="bbox 303 983 1899 1064; baseline 0.001 -19"><span class='ocrx_word' id='word_1_81' title='bbox 303 986 542 1064; x_wconf 76' lang='grc' dir='ltr'>ὑμέτερα</span> <span class='ocrx_word' id='word_1_82' title='bbox 567 985 748 1046; x_wconf 72' lang='grc' dir='ltr'>αὐτῶν</span> <span class='ocrx_word' id='word_1_83' title='bbox 775 986 866 1045; x_wconf 80' lang='grc' dir='ltr'>καὶ</span> <span class='ocrx_word' id='word_1_84' title='bbox 890 986 995 1062; x_wconf 77' lang='grc' dir='ltr'>τὴν</span> <span class='ocrx_word' id='word_1_85' title='bbox 1019 989 1199 1061; x_wconf 75' lang='grc' dir='ltr'>νῆσον</span> <span class='ocrx_word' id='word_1_86' title='bbox 1224 983 1514 1061; x_wconf 81' lang='grc' dir='ltr'>νέμεσθε.”</span> <span class='ocrx_word' id='word_1_87' title='bbox 1593 988 1769 1045; x_wconf 82' lang='grc' dir='ltr'>ταῦτα</span> <span class='ocrx_word' id='word_1_88' title='bbox 1794 989 1899 1063; x_wconf 79' lang='grc' dir='ltr'>μὲν</span> 
     </span>
     <span class='ocr_line' id='line_1_12' title="bbox 301 1072 1898 1151; baseline 0.001 -19"><span class='ocrx_word' id='word_1_89' title='bbox 301 1073 778 1151; x_wconf 76' lang='grc' dir='ltr'>ἐπεκηρυκεύσατο</span> <span class='ocrx_word' id='word_1_90' title='bbox 801 1077 956 1133; x_wconf 82' lang='grc' dir='ltr'>τοῖσι</span> <span class='ocrx_word' id='word_1_91' title='bbox 978 1074 1266 1149; x_wconf 82' lang='grc' dir='ltr'>Δηλίοισι·</span> <span class='ocrx_word' id='word_1_92' title='bbox 1308 1072 1450 1148; x_wconf 75' lang='grc' dir='ltr'>μετὰ</span> <span class='ocrx_word' id='word_1_93' title='bbox 1476 1073 1550 1146; x_wconf 80' lang='grc' dir='ltr'>δὲ,</span> <span class='ocrx_word' id='word_1_94' title='bbox 1580 1075 1898 1149; x_wconf 72' lang='grc' dir='ltr'>λιβανωτοῦ</span> 
     </span>
     <span class='ocr_line' id='line_1_13' title="bbox 299 1160 1895 1239; baseline 0.001 -19"><span class='ocrx_word' id='word_1_95' title='bbox 299 1162 596 1239; x_wconf 83' lang='grc' dir='ltr'>τριηκόσια</span> <span class='ocrx_word' id='word_1_96' title='bbox 629 1161 882 1222; x_wconf 76' lang='grc' dir='ltr'>τάλαντα</span> <span class='ocrx_word' id='word_1_97' title='bbox 919 1160 1237 1237; x_wconf 78' lang='grc' dir='ltr'>κατανήσας</span> <span class='ocrx_word' id='word_1_98' title='bbox 1272 1161 1363 1219; x_wconf 78' lang='grc' dir='ltr'>ἐπὶ</span> <span class='ocrx_word' id='word_1_99' title='bbox 1398 1165 1498 1219; x_wconf 79' lang='grc' dir='ltr'>τοῦ</span> <span class='ocrx_word' id='word_1_100' title='bbox 1536 1160 1737 1237; x_wconf 80' lang='grc' dir='ltr'>βωμοῦ</span> <span class='ocrx_word' id='word_1_101' title='bbox 1778 1164 1895 1221; x_wconf 87' lang='grc' dir='ltr'>ε’θυ-</span> 
     </span>
    </p>

    <p class='ocr_par' dir='ltr' id='par_1_2' title="bbox 205 1248 1899 2558">
     <span class='ocr_line' id='line_1_14' title="bbox 205 1248 1898 1328; baseline 0 -20"><span class='ocrx_word' id='word_1_102' title='bbox 205 1253 280 1308; x_wconf 85' lang='grc'>98</span> <span class='ocrx_word' id='word_1_103' title='bbox 297 1252 488 1327; x_wconf 84' lang='grc' dir='ltr'>μίησε.</span> <span class='ocrx_word' id='word_1_104' title='bbox 575 1254 750 1315; x_wconf 79' lang='grc' dir='ltr'>Δᾶτις</span> <span class='ocrx_word' id='word_1_105' title='bbox 793 1253 898 1328; x_wconf 79' lang='grc' dir='ltr'>μὲν</span> <span class='ocrx_word' id='word_1_106' title='bbox 943 1250 1014 1326; x_wconf 75' lang='grc' dir='ltr'>δή</span> <span class='ocrx_word' id='word_1_107' title='bbox 1058 1254 1237 1309; x_wconf 80' lang='grc' dir='ltr'>ταῦτα</span> <span class='ocrx_word' id='word_1_108' title='bbox 1282 1248 1527 1323; x_wconf 84' lang='grc' dir='ltr'>ποιήσας</span> <span class='ocrx_word' id='word_1_109' title='bbox 1576 1249 1740 1308; x_wconf 84' lang='grc' dir='ltr'>ἔπλεε</span> <span class='ocrx_word' id='word_1_110' title='bbox 1780 1249 1898 1327; x_wconf 81' lang='grc' dir='ltr'>ἅμα</span> 
     </span>
     <span class='ocr_line' id='line_1_15' title="bbox 296 1335 1898 1418; baseline 0.001 -22"><span class='ocrx_word' id='word_1_111' title='bbox 296 1343 372 1417; x_wconf 77' lang='grc' dir='ltr'>τῷ</span> <span class='ocrx_word' id='word_1_112' title='bbox 409 1343 632 1418; x_wconf 76' lang='grc' dir='ltr'>στρατῷ</span> <span class='ocrx_word' id='word_1_113' title='bbox 665 1341 756 1399; x_wconf 78' lang='grc' dir='ltr'>ἐπὶ</span> <span class='ocrx_word' id='word_1_114' title='bbox 789 1338 892 1415; x_wconf 74' lang='grc' dir='ltr'>τήν</span> <span class='ocrx_word' id='word_1_115' title='bbox 916 1338 1205 1415; x_wconf 81' lang='grc' dir='ltr'>Ἐρέτριαν</span> <span class='ocrx_word' id='word_1_116' title='bbox 1242 1340 1451 1413; x_wconf 82' lang='grc' dir='ltr'>πρῶτα,</span> <span class='ocrx_word' id='word_1_117' title='bbox 1478 1335 1597 1412; x_wconf 80' lang='grc' dir='ltr'>ἅμα</span> <span class='ocrx_word' id='word_1_118' title='bbox 1626 1335 1898 1418; x_wconf 72' lang='grc' dir='ltr'>ἀγόμενος</span> 
     </span>
     <span class='ocr_line' id='line_1_16' title="bbox 300 1424 1899 1501; baseline 0.002 -18"><span class='ocrx_word' id='word_1_119' title='bbox 300 1427 391 1484; x_wconf 83' lang='grc' dir='ltr'>καὶ</span> <span class='ocrx_word' id='word_1_120' title='bbox 418 1425 613 1489; x_wconf 85' lang='grc' dir='ltr'>Ἴωνας</span> <span class='ocrx_word' id='word_1_121' title='bbox 657 1428 750 1485; x_wconf 84' lang='grc' dir='ltr'>καὶ</span> <span class='ocrx_word' id='word_1_122' title='bbox 792 1426 1047 1489; x_wconf 82' lang='grc' dir='ltr'>Αἰολέας.</span> <span class='ocrx_word' id='word_1_123' title='bbox 1130 1424 1273 1501; x_wconf 73' lang='grc' dir='ltr'>μετὰ</span> <span class='ocrx_word' id='word_1_124' title='bbox 1314 1425 1375 1483; x_wconf 82' lang='grc' dir='ltr'>δὲ</span> <span class='ocrx_word' id='word_1_125' title='bbox 1414 1427 1614 1484; x_wconf 79' lang='grc' dir='ltr'>τοῦτον</span> <span class='ocrx_word' id='word_1_126' title='bbox 1650 1427 1899 1486; x_wconf 80' lang='grc' dir='ltr'>ἐνθεῦτεν</span> 
     </span>
     <span class='ocr_line' id='line_1_17' title="bbox 299 1510 1895 1593; baseline 0.003 -25"><span class='ocrx_word' id='word_1_127' title='bbox 299 1513 687 1591; x_wconf 79' lang='grc' dir='ltr'>ἐξαναχθέντα,</span> <span class='ocrx_word' id='word_1_128' title='bbox 731 1516 926 1587; x_wconf 82' lang='grc' dir='ltr'>Δῆλος</span> <span class='ocrx_word' id='word_1_129' title='bbox 961 1512 1201 1589; x_wconf 79' lang='grc' dir='ltr'>ἐκινήθη,</span> <span class='ocrx_word' id='word_1_130' title='bbox 1245 1510 1317 1576; x_wconf 74' lang='grc' dir='ltr'>ὥς</span> <span class='ocrx_word' id='word_1_131' title='bbox 1352 1513 1549 1593; x_wconf 81' lang='grc' dir='ltr'>ἔλεγον</span> <span class='ocrx_word' id='word_1_132' title='bbox 1582 1515 1636 1571; x_wconf 76' lang='grc' dir='ltr'>οἱ</span> <span class='ocrx_word' id='word_1_133' title='bbox 1675 1512 1895 1587; x_wconf 88' lang='grc' dir='ltr'>Δήλιοι,</span> 
     </span>
     <span class='ocr_line' id='line_1_18' title="bbox 301 1598 1897 1682; baseline 0.002 -25"><span class='ocrx_word' id='word_1_134' title='bbox 301 1600 390 1657; x_wconf 79' lang='grc' dir='ltr'>καὶ</span> <span class='ocrx_word' id='word_1_135' title='bbox 431 1603 624 1676; x_wconf 76' lang='grc' dir='ltr'>πρῶτα</span> <span class='ocrx_word' id='word_1_136' title='bbox 665 1600 759 1658; x_wconf 81' lang='grc' dir='ltr'>καὶ</span> <span class='ocrx_word' id='word_1_137' title='bbox 797 1598 1014 1659; x_wconf 81' lang='grc' dir='ltr'>ὕστατα</span> <span class='ocrx_word' id='word_1_138' title='bbox 1039 1599 1233 1681; x_wconf 86' lang='grc' dir='ltr'>[μέχρι</span> <span class='ocrx_word' id='word_1_139' title='bbox 1260 1604 1391 1677; x_wconf 70' lang='grc' dir='ltr'>ἐμεῦ</span> <span class='ocrx_word' id='word_1_140' title='bbox 1418 1600 1762 1682; x_wconf 82' lang='grc' dir='ltr'>σεισθεῖσα]·</span> <span class='ocrx_word' id='word_1_141' title='bbox 1806 1602 1897 1661; x_wconf 83' lang='grc' dir='ltr'>καὶ</span> 
     </span>
     <span class='ocr_line' id='line_1_19' title="bbox 298 1687 1899 1764; baseline 0.002 -19"><span class='ocrx_word' id='word_1_142' title='bbox 298 1691 464 1746; x_wconf 79' lang='grc' dir='ltr'>τοῦτο</span> <span class='ocrx_word' id='word_1_143' title='bbox 510 1688 614 1763; x_wconf 88' lang='grc' dir='ltr'>μέν</span> <span class='ocrx_word' id='word_1_144' title='bbox 667 1712 766 1746; x_wconf 87' lang='grc' dir='ltr'>κου</span> <span class='ocrx_word' id='word_1_145' title='bbox 818 1687 981 1764; x_wconf 87' lang='grc' dir='ltr'>τέρας</span> <span class='ocrx_word' id='word_1_146' title='bbox 1027 1687 1374 1764; x_wconf 74' lang='grc' dir='ltr'>ἀνθρώποισι</span> <span class='ocrx_word' id='word_1_147' title='bbox 1419 1692 1530 1747; x_wconf 77' lang='grc' dir='ltr'>τῶν</span> <span class='ocrx_word' id='word_1_148' title='bbox 1575 1688 1899 1764; x_wconf 83' lang='grc' dir='ltr'>μελλόντων</span> 
     </span>
     <span class='ocr_line' id='line_1_20' title="bbox 299 1774 1899 1855; baseline 0.003 -24"><span class='ocrx_word' id='word_1_149' title='bbox 299 1776 533 1834; x_wconf 85' lang='grc' dir='ltr'>ἔσεσθαι</span> <span class='ocrx_word' id='word_1_150' title='bbox 573 1778 755 1833; x_wconf 78' lang='grc' dir='ltr'>κακῶν</span> <span class='ocrx_word' id='word_1_151' title='bbox 795 1776 966 1853; x_wconf 82' lang='grc' dir='ltr'>ἔφῃνε</span> <span class='ocrx_word' id='word_1_152' title='bbox 991 1774 1024 1833; x_wconf 83' lang='grc' dir='ltr'>ὁ</span> <span class='ocrx_word' id='word_1_153' title='bbox 1052 1774 1196 1836; x_wconf 86' lang='grc' dir='ltr'>θεός·</span> <span class='ocrx_word' id='word_1_154' title='bbox 1240 1776 1332 1835; x_wconf 77' lang='grc' dir='ltr'>ἐπὶ</span> <span class='ocrx_word' id='word_1_155' title='bbox 1368 1775 1479 1855; x_wconf 70' lang='grc' dir='ltr'>γὰρ</span> <span class='ocrx_word' id='word_1_156' title='bbox 1517 1779 1759 1851; x_wconf 84' lang='grc' dir='ltr'>Δαρείου</span> <span class='ocrx_word' id='word_1_157' title='bbox 1797 1782 1899 1836; x_wconf 80' lang='grc' dir='ltr'>τοῦ</span> 
     </span>
     <span class='ocr_line' id='line_1_21' title="bbox 295 1862 1897 1942; baseline 0.002 -23"><span class='ocrx_word' id='word_1_158' title='bbox 295 1862 651 1925; x_wconf 68' lang='grc' dir='ltr'>’Ὑστάσπεος</span> <span class='ocrx_word' id='word_1_159' title='bbox 691 1862 782 1921; x_wconf 82' lang='grc' dir='ltr'>καὶ</span> <span class='ocrx_word' id='word_1_160' title='bbox 809 1862 1026 1939; x_wconf 73' lang='grc' dir='ltr'>Ξέρξεω</span> <span class='ocrx_word' id='word_1_161' title='bbox 1063 1866 1165 1921; x_wconf 86' lang='grc' dir='ltr'>τοῦ</span> <span class='ocrx_word' id='word_1_162' title='bbox 1195 1864 1435 1939; x_wconf 81' lang='grc' dir='ltr'>Δαρείου</span> <span class='ocrx_word' id='word_1_163' title='bbox 1474 1863 1566 1921; x_wconf 83' lang='grc' dir='ltr'>καὶ</span> <span class='ocrx_word' id='word_1_164' title='bbox 1604 1862 1897 1942; x_wconf 72' lang='grc' dir='ltr'>Ἀρταξέρ-</span> 
     </span>
     <span class='ocr_line' id='line_1_22' title="bbox 298 1948 1894 2032; baseline 0.003 -25"><span class='ocrx_word' id='word_1_165' title='bbox 298 1948 400 2017; x_wconf 82' lang='grc' dir='ltr'>ξεω</span> <span class='ocrx_word' id='word_1_166' title='bbox 453 1953 552 2008; x_wconf 82' lang='grc' dir='ltr'>τοῦ</span> <span class='ocrx_word' id='word_1_167' title='bbox 603 1950 836 2027; x_wconf 79' lang='grc' dir='ltr'>Ξέρξεω,</span> <span class='ocrx_word' id='word_1_168' title='bbox 890 1952 1058 2024; x_wconf 75' lang='grc' dir='ltr'>τριῶν</span> <span class='ocrx_word' id='word_1_169' title='bbox 1111 1950 1347 2009; x_wconf 85' lang='grc' dir='ltr'>τουτέων</span> <span class='ocrx_word' id='word_1_170' title='bbox 1402 1951 1599 2027; x_wconf 79' lang='grc' dir='ltr'>ε’πεξῆς</span> <span class='ocrx_word' id='word_1_171' title='bbox 1650 1952 1894 2032; x_wconf 85' lang='grc' dir='ltr'>γενεέων,</span> 
     </span>
     <span class='ocr_line' id='line_1_23' title="bbox 300 2036 1897 2115; baseline 0.004 -22"><span class='ocrx_word' id='word_1_172' title='bbox 300 2037 516 2115; x_wconf 83' lang='grc' dir='ltr'>ἐγένετο</span> <span class='ocrx_word' id='word_1_173' title='bbox 551 2039 707 2097; x_wconf 85' lang='grc' dir='ltr'>πλέω</span> <span class='ocrx_word' id='word_1_174' title='bbox 745 2037 887 2097; x_wconf 70' lang='grc' dir='ltr'>κακοῖ</span> <span class='ocrx_word' id='word_1_175' title='bbox 921 2040 993 2115; x_wconf 83' lang='grc' dir='ltr'>τῇ</span> <span class='ocrx_word' id='word_1_176' title='bbox 1033 2036 1274 2096; x_wconf 73' lang='grc' dir='ltr'>Ἑλλάδι</span> <span class='ocrx_word' id='word_1_177' title='bbox 1298 2036 1335 2113; x_wconf 83' lang='grc' dir='ltr'>ἦ</span> <span class='ocrx_word' id='word_1_178' title='bbox 1378 2040 1469 2097; x_wconf 79' lang='grc' dir='ltr'>ἐπὶ</span> <span class='ocrx_word' id='word_1_179' title='bbox 1505 2040 1684 2099; x_wconf 79' lang='grc' dir='ltr'>εἴκοσι</span> <span class='ocrx_word' id='word_1_180' title='bbox 1714 2038 1897 2105; x_wconf 73' lang='grc' dir='ltr'>ἄλλας</span> 
     </span>
     <span class='ocr_line' id='line_1_24' title="bbox 295 2123 1897 2205; baseline 0.004 -23"><span class='ocrx_word' id='word_1_181' title='bbox 295 2123 489 2203; x_wconf 67' lang='grc' dir='ltr'>γενεσῖς</span> <span class='ocrx_word' id='word_1_182' title='bbox 513 2124 614 2189; x_wconf 80' lang='grc' dir='ltr'>τοὶς</span> <span class='ocrx_word' id='word_1_183' title='bbox 638 2125 750 2202; x_wconf 72' lang='grc' dir='ltr'>πρὸ</span> <span class='ocrx_word' id='word_1_184' title='bbox 778 2126 1018 2202; x_wconf 83' lang='grc' dir='ltr'>Δαρείου</span> <span class='ocrx_word' id='word_1_185' title='bbox 1057 2127 1378 2205; x_wconf 82' lang='grc' dir='ltr'>γενομένας·</span> <span class='ocrx_word' id='word_1_186' title='bbox 1417 2126 1489 2186; x_wconf 67' lang='grc' dir='ltr'>ταῖ</span> <span class='ocrx_word' id='word_1_187' title='bbox 1516 2128 1620 2203; x_wconf 82' lang='grc' dir='ltr'>μὲν</span> <span class='ocrx_word' id='word_1_188' title='bbox 1644 2126 1757 2187; x_wconf 78' lang='grc' dir='ltr'>ἀπό</span> <span class='ocrx_word' id='word_1_189' title='bbox 1787 2132 1897 2189; x_wconf 77' lang='grc' dir='ltr'>τῶν</span> 
     </span>
     <span class='ocr_line' id='line_1_25' title="bbox 297 2208 1895 2293; baseline 0.003 -24"><span class='ocrx_word' id='word_1_190' title='bbox 297 2212 564 2287; x_wconf 90' lang='grc' dir='ltr'>Περσέων</span> <span class='ocrx_word' id='word_1_191' title='bbox 605 2212 746 2292; x_wconf 78' lang='grc' dir='ltr'>αὐτῇ</span> <span class='ocrx_word' id='word_1_192' title='bbox 777 2208 1064 2293; x_wconf 85' lang='grc' dir='ltr'>γενόμενα,</span> <span class='ocrx_word' id='word_1_193' title='bbox 1091 2212 1163 2272; x_wconf 59' lang='lat' dir='ltr'>w)</span> <span class='ocrx_word' id='word_1_194' title='bbox 1190 2214 1251 2273; x_wconf 81' lang='grc' dir='ltr'>δὲ</span> <span class='ocrx_word' id='word_1_195' title='bbox 1276 2212 1371 2273; x_wconf 80' lang='grc' dir='ltr'>ἀπ’</span> <span class='ocrx_word' id='word_1_196' title='bbox 1396 2212 1577 2274; x_wconf 73' lang='grc' dir='ltr'>αὐτῶν</span> <span class='ocrx_word' id='word_1_197' title='bbox 1600 2218 1712 2275; x_wconf 85' lang='grc' dir='ltr'>τῶν</span> <span class='ocrx_word' id='word_1_198' title='bbox 1738 2240 1895 2292; x_wconf 84' lang='grc' dir='ltr'>κορυ-</span> 
     </span>
     <span class='ocr_line' id='line_1_26' title="bbox 297 2299 1896 2381; baseline 0.003 -24"><span class='ocrx_word' id='word_1_199' title='bbox 297 2301 476 2373; x_wconf 83' lang='grc' dir='ltr'>φαίων</span> <span class='ocrx_word' id='word_1_200' title='bbox 519 2301 647 2379; x_wconf 87' lang='grc' dir='ltr'>περὶ</span> <span class='ocrx_word' id='word_1_201' title='bbox 689 2304 806 2377; x_wconf 79' lang='grc' dir='ltr'>τῆς</span> <span class='ocrx_word' id='word_1_202' title='bbox 835 2299 1016 2381; x_wconf 86' lang='grc' dir='ltr'>α’ρχῆς</span> <span class='ocrx_word' id='word_1_203' title='bbox 1059 2301 1464 2378; x_wconf 86' lang='grc' dir='ltr'>πολεμεόντων.</span> <span class='ocrx_word' id='word_1_204' title='bbox 1551 2302 1693 2362; x_wconf 79' lang='grc' dir='ltr'>οὕτω</span> <span class='ocrx_word' id='word_1_205' title='bbox 1738 2302 1896 2363; x_wconf 71' lang='grc' dir='ltr'>οὐδὲν</span> 
     </span>
     <span class='ocr_line' id='line_1_27' title="bbox 294 2386 1893 2467; baseline 0.002 -21"><span class='ocrx_word' id='word_1_206' title='bbox 294 2386 364 2461; x_wconf 84' lang='grc' dir='ltr'>ἦν</span> <span class='ocrx_word' id='word_1_207' title='bbox 389 2387 566 2452; x_wconf 77' lang='grc' dir='ltr'>ἀεικὲς</span> <span class='ocrx_word' id='word_1_208' title='bbox 592 2390 880 2467; x_wconf 81' lang='grc' dir='ltr'>κινηθῆναι</span> <span class='ocrx_word' id='word_1_209' title='bbox 906 2393 1105 2465; x_wconf 83' lang='grc' dir='ltr'>Δῆλον</span> <span class='ocrx_word' id='word_1_210' title='bbox 1129 2388 1195 2449; x_wconf 81' lang='grc' dir='ltr'><strong><em>τό</em></strong></span> <span class='ocrx_word' id='word_1_211' title='bbox 1222 2389 1355 2467; x_wconf 86' lang='grc' dir='ltr'>πρὶν</span> <span class='ocrx_word' id='word_1_212' title='bbox 1382 2393 1591 2449; x_wconf 80' lang='grc' dir='ltr'>ἐοῦσαν</span> <span class='ocrx_word' id='word_1_213' title='bbox 1617 2390 1893 2466; x_wconf 73' lang='grc' dir='ltr'>ἀκίνητον·</span> 
     </span>
     <span class='ocr_line' id='line_1_28' title="bbox 296 2474 1791 2558; baseline 0.002 -25"><span class='ocrx_word' id='word_1_214' title='bbox 296 2477 389 2535; x_wconf 80' lang='grc' dir='ltr'>καὶ</span> <span class='ocrx_word' id='word_1_215' title='bbox 421 2481 480 2535; x_wconf 80' lang='grc' dir='ltr'>ἐν</span> <span class='ocrx_word' id='word_1_216' title='bbox 513 2480 756 2556; x_wconf 83' lang='grc' dir='ltr'>χρησμῷ</span> <span class='ocrx_word' id='word_1_217' title='bbox 785 2475 856 2553; x_wconf 84' lang='grc' dir='ltr'>ἦν</span> <span class='ocrx_word' id='word_1_218' title='bbox 885 2476 1274 2558; x_wconf 82' lang='grc' dir='ltr'>γεγραμμένον</span> <span class='ocrx_word' id='word_1_219' title='bbox 1305 2474 1433 2553; x_wconf 80' lang='grc' dir='ltr'>περὶ</span> <span class='ocrx_word' id='word_1_220' title='bbox 1467 2476 1639 2553; x_wconf 70' lang='grc' dir='ltr'>αὐτῆς</span> <span class='ocrx_word' id='word_1_221' title='bbox 1668 2475 1791 2537; x_wconf 78' lang='grc' dir='ltr'>ὧδε·</span> 
     </span>
    </p>

    <p class='ocr_par' dir='ltr' id='par_1_3' title="bbox 477 2580 1602 2642">
     <span class='ocr_line' id='line_1_29' title="bbox 477 2580 1602 2642; baseline 0.001 -15"><span class='ocrx_word' id='word_1_222' title='bbox 477 2580 677 2639; x_wconf 76' lang='grc' dir='ltr'>Κινήσω</span> <span class='ocrx_word' id='word_1_223' title='bbox 709 2582 790 2628; x_wconf 81' lang='grc' dir='ltr'>καὶ</span> <span class='ocrx_word' id='word_1_224' title='bbox 824 2582 996 2639; x_wconf 85' lang='grc' dir='ltr'>Δῆλον,</span> <span class='ocrx_word' id='word_1_225' title='bbox 1035 2580 1257 2638; x_wconf 75' lang='grc' dir='ltr'>ἀκίνητόν</span> <span class='ocrx_word' id='word_1_226' title='bbox 1288 2598 1381 2642; x_wconf 83' lang='grc' dir='ltr'>περ</span> <span class='ocrx_word' id='word_1_227' title='bbox 1417 2580 1602 2629; x_wconf 79' lang='grc' dir='ltr'>ἐοῦσαν.</span> 
     </span>
    </p>
   </div>
   <div class='ocr_carea' id='block_1_2' title="bbox 201 2662 1901 3343">
    <p class='ocr_par' dir='ltr' id='par_1_4' title="bbox 292 2662 1901 3068">
     <span class='ocr_line' id='line_1_30' title="bbox 295 2662 1894 2744; baseline 0.005 -25"><span class='ocrx_word' id='word_1_228' title='bbox 295 2662 521 2721; x_wconf 71' lang='grc' dir='ltr'>δύναται</span> <span class='ocrx_word' id='word_1_229' title='bbox 561 2665 620 2723; x_wconf 80' lang='grc' dir='ltr'>δὲ</span> <span class='ocrx_word' id='word_1_230' title='bbox 662 2664 803 2724; x_wconf 69' lang='grc' dir='ltr'>κατὰ</span> <span class='ocrx_word' id='word_1_231' title='bbox 827 2664 1082 2723; x_wconf 74' lang='grc' dir='ltr'>Ἐλλάδα</span> <span class='ocrx_word' id='word_1_232' title='bbox 1109 2669 1387 2744; x_wconf 81' lang='grc' dir='ltr'>γλῶσσαν</span> <span class='ocrx_word' id='word_1_233' title='bbox 1414 2671 1588 2726; x_wconf 86' lang='grc' dir='ltr'>ταῦτα</span> <span class='ocrx_word' id='word_1_234' title='bbox 1626 2666 1700 2727; x_wconf 69' lang='grc' dir='ltr'>τοῖ</span> <span class='ocrx_word' id='word_1_235' title='bbox 1741 2667 1894 2727; x_wconf 74' lang='grc' dir='ltr'>οὐνό-</span> 
     </span>
     <span class='ocr_line' id='line_1_31' title="bbox 292 2752 1895 2832; baseline 0.004 -21.011"><span class='ocrx_word' id='word_1_236' title='bbox 292 2774 460 2824; x_wconf 82' lang='grc' dir='ltr'>ματα,</span> <span class='ocrx_word' id='word_1_237' title='bbox 507 2754 744 2828; x_wconf 81' lang='grc' dir='ltr'>Δαρεῖος</span> <span class='ocrx_word' id='word_1_238' title='bbox 787 2752 982 2827; x_wconf 80' lang='grc' dir='ltr'>ερξίης,</span> <span class='ocrx_word' id='word_1_239' title='bbox 1028 2753 1240 2827; x_wconf 81' lang='grc' dir='ltr'>Ξέρξης</span> <span class='ocrx_word' id='word_1_240' title='bbox 1280 2752 1489 2829; x_wconf 73' lang='grc' dir='ltr'>ἀρήϊος,</span> <span class='ocrx_word' id='word_1_241' title='bbox 1526 2753 1895 2832; x_wconf 80' lang='grc' dir='ltr'>Ἀρταξέρξης</span> 
     </span>
     <span class='ocr_line' id='line_1_32' title="bbox 292 2836 1894 2916; baseline 0.006 -24"><span class='ocrx_word' id='word_1_242' title='bbox 292 2836 467 2915; x_wconf 87' lang='grc' dir='ltr'>μέγας</span> <span class='ocrx_word' id='word_1_243' title='bbox 497 2836 706 2913; x_wconf 82' lang='grc' dir='ltr'>οἷρηῖος·</span> <span class='ocrx_word' id='word_1_244' title='bbox 749 2838 978 2901; x_wconf 86' lang='grc' dir='ltr'>τούτους</span> <span class='ocrx_word' id='word_1_245' title='bbox 1002 2843 1107 2914; x_wconf 81' lang='grc' dir='ltr'>μὲν</span> <span class='ocrx_word' id='word_1_246' title='bbox 1134 2840 1201 2914; x_wconf 86' lang='grc' dir='ltr'>δη</span> <span class='ocrx_word' id='word_1_247' title='bbox 1226 2866 1356 2903; x_wconf 91' lang='grc' dir='ltr'>τους</span> <span class='ocrx_word' id='word_1_248' title='bbox 1380 2842 1663 2916; x_wconf 85' lang='grc' dir='ltr'>βασιλέας</span> <span class='ocrx_word' id='word_1_249' title='bbox 1690 2841 1861 2901; x_wconf 83' lang='grc' dir='ltr'>ὦδε</span> <span class='ocrx_word' id='word_1_250' title='bbox 1828 2868 1894 2902; x_wconf 88' lang='grc' dir='ltr'>αν</span> 
     </span>
     <span class='ocr_line' id='line_1_33' title="bbox 293 2922 1901 3005; baseline 0.004 -25"><span class='ocrx_word' id='word_1_251' title='bbox 293 2922 469 2996; x_wconf 77' lang='grc' dir='ltr'>ὀρθῶς</span> <span class='ocrx_word' id='word_1_252' title='bbox 511 2924 652 2982; x_wconf 80' lang='grc' dir='ltr'>κατοῖ</span> <span class='ocrx_word' id='word_1_253' title='bbox 693 2928 972 3005; x_wconf 79' lang='grc' dir='ltr'>γλῶσσαν</span> <span class='ocrx_word' id='word_1_254' title='bbox 1011 2950 1117 3000; x_wconf 92' lang='grc' dir='ltr'>την</span> <span class='ocrx_word' id='word_1_255' title='bbox 1159 2929 1444 3003; x_wconf 88' lang='grc' dir='ltr'>σφετέρην</span> <span class='ocrx_word' id='word_1_256' title='bbox 1474 2927 1756 3004; x_wconf 58' lang='grc' dir='ltr'>’Έλληνες</span> <span class='ocrx_word' id='word_1_257' title='bbox 1800 2954 1901 2987; x_wconf 77' lang='grc' dir='ltr'>κα·-</span> 
     </span>
     <span class='ocr_line' id='line_1_34' title="bbox 295 3010 496 3068; baseline 0.022 -4"><span class='ocrx_word' id='word_1_258' title='bbox 295 3010 496 3068; x_wconf 87' lang='grc' dir='ltr'>λέοιεν.</span> 
     </span>
    </p>

    <p class='ocr_par' dir='ltr' id='par_1_5' title="bbox 201 3094 1901 3343">
     <span class='ocr_line' id='line_1_35' title="bbox 201 3094 1892 3179; baseline 0.007 -28"><span class='ocrx_word' id='word_1_259' title='bbox 201 3096 276 3152; x_wconf 87' lang='grc'>99</span> <span class='ocrx_word' id='word_1_260' title='bbox 379 3099 452 3152; x_wconf 81' lang='grc' dir='ltr'>Οἱ</span> <span class='ocrx_word' id='word_1_261' title='bbox 483 3096 544 3153; x_wconf 74' lang='grc' dir='ltr'>δὲ</span> <span class='ocrx_word' id='word_1_262' title='bbox 574 3096 867 3172; x_wconf 86' lang='grc' dir='ltr'>βαρβαροι</span> <span class='ocrx_word' id='word_1_263' title='bbox 901 3094 973 3158; x_wconf 73' lang='grc' dir='ltr'>ὥς</span> <span class='ocrx_word' id='word_1_264' title='bbox 1005 3096 1227 3175; x_wconf 86' lang='grc' dir='ltr'>απῇραν</span> <span class='ocrx_word' id='word_1_265' title='bbox 1259 3104 1319 3157; x_wconf 81' lang='grc' dir='ltr'>ἔκ</span> <span class='ocrx_word' id='word_1_266' title='bbox 1353 3104 1454 3174; x_wconf 89' lang='grc' dir='ltr'>τῆς</span> <span class='ocrx_word' id='word_1_267' title='bbox 1487 3101 1683 3175; x_wconf 87' lang='grc' dir='ltr'>Δήλου</span> <span class='ocrx_word' id='word_1_268' title='bbox 1717 3130 1892 3179; x_wconf 88' lang='grc' dir='ltr'>προσ-</span> 
     </span>
     <span class='ocr_line' id='line_1_36' title="bbox 297 3178 1901 3263; baseline 0.009 -30"><span class='ocrx_word' id='word_1_269' title='bbox 297 3178 462 3254; x_wconf 87' lang='grc' dir='ltr'>ίσχον</span> <span class='ocrx_word' id='word_1_270' title='bbox 513 3181 653 3255; x_wconf 84' lang='grc' dir='ltr'>πρός</span> <span class='ocrx_word' id='word_1_271' title='bbox 701 3181 802 3242; x_wconf 78' lang='grc' dir='ltr'>τὰς</span> <span class='ocrx_word' id='word_1_272' title='bbox 851 3180 1074 3255; x_wconf 82' lang='grc' dir='ltr'>νήσους·</span> <span class='ocrx_word' id='word_1_273' title='bbox 1119 3185 1367 3243; x_wconf 81' lang='grc' dir='ltr'>ἐνθεῦτεν</span> <span class='ocrx_word' id='word_1_274' title='bbox 1408 3186 1467 3243; x_wconf 82' lang='grc' dir='ltr'>δὲ</span> <span class='ocrx_word' id='word_1_275' title='bbox 1521 3190 1792 3263; x_wconf 84' lang='grc' dir='ltr'>στρατιήν</span> <span class='ocrx_word' id='word_1_276' title='bbox 1831 3216 1901 3247; x_wconf 63' lang='grc' dir='ltr'>τε·</span> 
     </span>
     <span class='ocr_line' id='line_1_37' title="bbox 295 3264 1891 3343; baseline 0.01 -27"><span class='ocrx_word' id='word_1_277' title='bbox 295 3264 737 3339; x_wconf 81' lang='grc' dir='ltr'>παρελάμβανον</span> <span class='ocrx_word' id='word_1_278' title='bbox 780 3266 876 3325; x_wconf 82' lang='grc' dir='ltr'>καὶ</span> <span class='ocrx_word' id='word_1_279' title='bbox 912 3266 1155 3342; x_wconf 87' lang='grc' dir='ltr'>ομήρους</span> <span class='ocrx_word' id='word_1_280' title='bbox 1195 3293 1305 3327; x_wconf 88' lang='grc' dir='ltr'>των</span> <span class='ocrx_word' id='word_1_281' title='bbox 1346 3273 1655 3343; x_wconf 85' lang='grc' dir='ltr'>νησιωτέων</span> <span class='ocrx_word' id='word_1_282' title='bbox 1692 3275 1891 3341; x_wconf 81' lang='grc' dir='ltr'>παῖδας</span> 
     </span>
    </p>
   </div>
  </div>
 </body>
</html>
