2192 3409
319 108 414 160 176
929 113 1074 159 ‘nPc
1085 110 1293 160 ΔΟΤΟΤ
1744 106 1907 167 [VII.

409 190 578 247 μοῦνον
597 189 866 250 ἀπόρθητον
887 194 1117 251 τελέθειν,
1140 193 1199 239 τὸ
1221 191 1277 255 σὲ
1300 189 1443 237 τέκνα
1466 187 1513 235 τ’
1532 187 1707 247 ὀνήσει.

409 262 532 319 μηδὲ
552 263 614 308 σύ
634 261 683 321 γ’
706 263 971 321 ἱπποσύνην
993 281 1048 309 τε
1069 264 1223 322 μένειν
1247 262 1327 310 καὶ
1349 262 1491 319 πεζὸν
1513 260 1647 307 ἰόντα

411 333 594 380 πολλὸν
617 333 700 379 ἀπ’
719 334 912 395 ἠπείρου
935 336 1142 395 στρατὸν
1164 333 1357 393 ἥσυχος,
1382 331 1491 380 ἀλλ’
1513 332 1778 394 ὑποχωρεῖν

411 404 560 451 νῶτον
580 404 889 465 ἐπιστρέψας·
929 406 1001 452 ἔτι
1017 422 1092 452 τοι
1116 407 1228 454 κοτὲ
1248 406 1433 453 κάντίος
1456 405 1593 463 ἔσσῃ.

409 473 450 520 ὦ
471 476 575 533 θείη
598 476 831 533 Σαλαμὶς,
860 476 1056 524 ἀπολεῖς
1079 478 1131 524 δὲ
1154 478 1216 525 σὺ
1236 477 1381 524 τέκνα
1402 476 1651 537 γυναικῶν,

409 544 445 603 ἤ
463 562 557 592 που
577 547 883 609 σκιδναμένης
903 548 1194 609 Δημήτερος,
1222 548 1255 607 ἡ
1278 550 1537 606 συνιούσης.

221 650 334 706 142
351 649 540 708 Ταῦτά
565 656 677 726 σφι
701 649 980 729 ἠπιώτερα
1003 650 1115 733 γὰρ
1152 656 1260 712 τῶν
1284 652 1576 730 προτέρων.
1599 652 1691 711 καὶ
1716 649 1787 727 ἦν
1813 650 1906 709 καὶ

312 735 493 795 ἐδόκεε
537 736 688 812 εἶναι,
727 739 1189 820 συγγραψάμενοι
1224 738 1671 799 ἀπαλλάσσοπο
1711 744 1768 802 ἐς
1804 738 1908 800 τοῖς

311 822 566 899 Ἀθήνας·
614 825 686 889 ὥς
724 826 784 886 δὲ
822 826 1161 889 ἀπελθόντες
1195 830 1249 885 οἱ
1280 826 1584 903 θεοπρόποι
1620 825 1904 907 ἀπήγγελ-

307 914 414 970 λον
440 916 494 974 ἐς
516 910 616 973 τόν
640 914 833 991 δῆμον,
857 918 1073 995 γνῶμαι
1102 915 1194 973 καὶ
1218 914 1393 974 ἄλλαι
1418 914 1632 973 πολλαὶ
1658 916 1905 995 ἐγίνοντο

309 998 606 1075 διζημένων
629 1001 695 1061 τό
719 1002 1002 1079 μαντήϊον,
1027 1003 1121 1061 καὶ
1140 1002 1259 1062 αἵδε
1278 1005 1671 1077 συνεστηκυῖαι
1694 1000 1903 1078 μάλισ-

307 1114 398 1147 τα·
424 1092 541 1148 τῶν·
559 1092 954 1167 πρεσβυτέρων
974 1092 1170 1171 ἔλεγον
1186 1090 1545 1167 μετεξέτεροι,
1568 1089 1774 1149 δοκέειν
1789 1098 1903 1167 σφι

305 1174 406 1236 τὸν
431 1178 558 1238 θεὸν
587 1178 690 1255 τήν
725 1176 1032 1256 ἀκρόπολιν
1065 1182 1281 1257 χρῆσαι
1316 1178 1696 1255 περιέσεσθαι·
1728 1176 1766 1253 ἤ
1790 1178 1901 1257 γοὶρ

308 1263 612 1342 α’κρόπολις
641 1266 706 1327 τό
737 1265 918 1325 πάλαι
949 1270 1060 1325 τῶν
1083 1264 1360 1340 Ἀθηνέων
1384 1268 1537 1343 ῥηχῷ
1563 1265 1899 1341 ἐπέφρακτο·

307 1356 361 1412 οἱ
385 1357 489 1431 μὲν
514 1354 583 1431 δὴ
610 1354 750 1415 κατσῖ
773 1354 873 1415 τόν
898 1351 1163 1435 φραγμόν
1194 1351 1619 1429 συνεβάλλοντο
1644 1356 1808 1411 τοῦτο
1833 1352 1900 1412 τό

313 1443 536 1511 ξύλινον
569 1448 754 1523 τεῖχος
795 1442 953 1503 εἶναι·
1001 1444 1054 1502 οἶ
1093 1440 1141 1501 δ’
1182 1438 1253 1499 αὖ
1285 1441 1481 1522 ἔλεγον
1507 1440 1609 1503 τὰς
1638 1441 1763 1503 νέας
1796 1466 1897 1518 ση-

305 1531 520 1605 μαίνειν
543 1529 644 1590 τὸν
665 1530 821 1641 flecht,
851 1530 942 1589 καὶ
966 1528 1171 1592 ταύτας
1196 1528 1609 1606 παραρτέεσθαι
1646 1530 1900 1589 ἐκέλευον

306 1643 378 1676 τα
413 1616 568 1678 ἄλλα
599 1616 854 1682 ἀπέντας.
936 1642 1070 1681 τους
1106 1615 1180 1676 ὧν
1220 1614 1287 1691 δη
1327 1614 1431 1678 τοὶς
1468 1615 1593 1677 νέας
1633 1616 1901 1695 λέγοντας

308 1704 446 1763 εἶναι
470 1730 535 1763 το
563 1703 786 1773 ξύλινον
810 1708 994 1783 τεῖχος
1019 1706 1281 1779 ἔσφαλλε
1303 1729 1374 1762 τα
1402 1701 1499 1762 δυο
1519 1728 1589 1761 τα
1609 1707 1905 1763 τελευταῖα

305 1789 602 1868 ρηθέντα
570 1818 677 1849 υπο
704 1795 804 1867 τῆς
829 1793 1064 1871 Πυθίης·

403 1932 440 1961 ω
463 1915 566 1971 θείη
587 1914 820 1971 Σαλαμὶς,
850 1914 1045 1963 ἀπολεῖς
1063 1916 1114 1961 δὲ
1136 1915 1197 1961 σὺ
1218 1914 1362 1979 τέκνα
1382 1913 1634 1975 γυναικῶν,

403 1986 438 2045 ἤ
457 2002 550 2033 που
567 1985 874 2043 σκιδναμένης
896 1987 1172 2047 Δημήτερος
1194 1984 1226 2044 ἢ
1248 1987 1509 2044 συνιούσης.

304 2091 444 2152 κατὰ
493 2096 668 2153 ταῦτα
717 2090 790 2151 τὰ
841 2092 974 2150 ἔπεα
1033 2093 1365 2171 συνεχέοντο
1414 2091 1474 2149 αἶ
1523 2092 1739 2169 γνῶμαι
1787 2096 1906 2151 τῶν

305 2181 566 2257 φαμένων
603 2177 704 2243 ταῖς
743 2180 867 2242 νέας
904 2178 972 2240 τό
1013 2178 1238 2249 ξύλινον
1269 2181 1455 2258 τεῖχος
1492 2176 1647 2239 εἶναι·
1696 2179 1751 2235 οἶ
1784 2179 1897 2257 γὰρ

300 2268 698 2350 χρησμολόγοι
727 2267 902 2347 ταύτῃ
936 2271 1113 2328 ταῦτα
1148 2266 1489 2344 ἐλάμβανον,
1518 2264 1587 2327 ὥς
1610 2262 1763 2341 ἀμφὶ
1790 2268 1897 2329 Σα-

192 2422 203 2438 x
301 2362 514 2435 λαμῖνα
539 2358 624 2418 δεῖ
645 2357 830 2434 σφέας
856 2356 1190 2431 ἑσσωθῆναι,
1218 2353 1528 2431 ναυμαχίην
1546 2372 1896 2429 παρασκευα-

145 2444 154 2449 ’
180 2442 236 2503 Ἰ
247 2448 324 2503 43
343 2448 635 2523 σαμένους.
686 2444 809 2506 Ἠν
834 2444 894 2503 δὲ
923 2447 1034 2504 τῶν
1065 2468 1150 2504 τις
1173 2441 1481 2516 Ἀθηναίων
1507 2439 1646 2517 ἀνὴρ
1674 2445 1729 2503 ἐς
1753 2438 1893 2518 πρό-

299 2559 428 2596 τους
480 2534 680 2594 νεωστὶ
731 2529 957 2608 παριῶν,
1002 2533 1091 2609 τῷ
1143 2527 1354 2605 οὕνομα
1398 2529 1503 2604 μὲν
1550 2529 1643 2603 ἔην
1688 2534 1895 2603 Θεμισ-

295 2621 548 2694 τοκλέης,
589 2623 721 2681 παῖς
761 2618 821 2677 δὲ
867 2616 1152 2679 Νεοκλέος
1179 2615 1480 2693 ζέκαλέετο·
1534 2613 1696 2678 οὗτος
1750 2612 1895 2692 δνήρ

302 2704 404 2763 οὐκ
444 2707 556 2779 ἔφη
595 2710 708 2765 πᾶν
747 2704 924 2781 ὀρθῶς
960 2704 1090 2765 τούς
1142 2702 1577 2783 χρησμολόγους
1629 2703 1894 2780 συμβάλ-

299 2792 520 2859 λεσθαι,
549 2792 727 2871 λέγων
751 2791 954 2850 τοιάδε·
983 2795 1031 2849 εἰ
1049 2794 1105 2851 ἐς
1128 2788 1456 2865 Ἀθηναίους
1482 2789 1600 2867 εἶχε
1624 2789 1691 2849 τὸ
1716 2790 1898 2854 πάθος

301 2878 584 2953 εἰρημένον
627 2876 836 2947 ἐόντως,
883 2876 982 2937 οὐκ
1025 2874 1094 2935 ἂν
1142 2874 1281 2935 οὕτω
1324 2901 1421 2952 μιν
1468 2876 1677 2936 δοκέειν
1721 2876 1896 2954 ἠπίως

297 2965 631 3041 χρησθῆναι,
660 2962 814 3022 οἷλλοῖ
841 2961 962 3022 ὧδε·
998 2961 1040 3021 ὦ
1067 2964 1307 3039 σχετλίη
1328 2963 1602 3038 Σαλαμίς·
1644 2963 1769 3025 ἀντὶ
1794 2970 1895 3025 τοῦ

300 3050 342 3107 ὦ
365 3050 484 3125 θείη
514 3050 784 3123 Σαλαμίς·
827 3050 978 3124 εἴπερ
1002 3074 1070 3128 γε
1095 3050 1337 3122 ἔμελλον
1362 3052 1415 3106 οἶ
1442 3050 1725 3126 οἰκήτορες
1750 3050 1896 3127 ἄμφ’

301 3135 440 3211 αὐτῇ
479 3135 848 3207 τελευτήσειν·
891 3135 1044 3193 ἀλλὰ
1080 3134 1189 3214 γὰρ
1228 3138 1283 3195 ἐς
1315 3134 1444 3196 τούς
1478 3138 1783 3211 πολεμίους
1816 3141 1896 3215 τῷ

301 3222 405 3297 θεῷ
448 3221 701 3295 εἰρῆσθαι
739 3218 805 3276 τό
845 3221 1203 3297 χρηστήριον,
1238 3219 1709 3296 συλλαμβάνοντι
1748 3228 1893 3283 κατα
