2192 3409
269 82 548 146 102—100]
958 82 1185 131 ΕΡΑΤΩ.
1769 85 1859 133 101

267 164 408 241 ἔχων
448 162 560 223 ‹in-3
590 166 693 224 τοῦ
717 163 974 224 οἰκιστέω
999 167 1101 240 τῆς
1124 161 1497 240 Χερσονήσου
1522 162 1861 229 Μιλτιάδεω·

265 248 652 333 [Μιλτιάδης].
738 250 918 315 Οὗτος
971 252 1038 328 δή
1095 250 1169 313 ὦν
1220 250 1349 311 τότε
1401 249 1432 311 ὁ
1486 249 1815 327 Μιλτιάδης,
1842 252 1957 310 104

265 337 412 414 ἥκων
455 343 515 398 ἐκ
555 343 658 415 τῆς
697 339 1067 415 Χερσονήσου
1111 340 1202 399 καὶ
1246 337 1595 419 ε’κπεφευγῶς
1630 337 1864 397 διπλόον

269 426 524 497 θάνατον,
567 427 905 508 ἐστρατήγεε
947 426 1271 503 Ἀθηναίων.
1353 424 1471 503 ἅμα
1512 427 1615 502 μὲν
1658 424 1769 501 γάρ
1810 428 1864 485 οἱ

267 515 516 578 Φοίνικες
556 514 725 575 αὐτὸν
766 517 819 575 οἱ
860 515 1238 585 ἐπιδιώξαντες
1276 514 1447 593 μέχρι
1461 511 1709 591 Ἴμβρου
1734 514 1862 591 περὶ

266 605 492 661 πολλοῦ
545 606 830 663 ἐποιεῦντο
869 604 1074 678 λαβεῖν
1117 628 1180 663 τε
1228 602 1321 661 καὶ
1366 600 1667 682 ἀναγαγεῖν
1710 602 1864 679 παρὰ

265 690 536 767 βασιλέα,
565 689 681 766 ἅμα
719 690 778 749 δὲ
819 694 1133 771 ἐκφυγόντα
1175 714 1237 749 τε
1272 686 1501 752 τούτους
1538 688 1633 749 καὶ
1670 688 1864 749 ἀπικό-

264 803 432 850 μενον
471 784 525 841 ἐς
563 778 666 854 τὴν
702 781 919 847 ἑωυτοῦ,
949 777 1211 837 δοκέοντά
1234 803 1297 837 τε
1338 776 1477 835 εἶναι
1516 781 1575 837 ἐν
1601 778 1863 857 σωτηρίῃ,

265 864 372 941 ἤδη
397 864 464 925 τό
494 866 743 926 ἐνθεῦτέν
768 891 864 941 μιν
893 868 946 923 οἱ
973 865 1166 943 ἐχθροὶ
1190 863 1591 941 ὑποδεξάμενοι
1623 865 1715 923 καὶ
1752 864 1865 925 ὖπό

266 953 626 1031 δικαστήριον
645 952 812 1013 αὐτόν
838 952 1159 1034 ἀγαγόντες,
1176 952 1400 1022 ἐδίωξαν
1424 952 1742 1029 τυραννῶος
1764 958 1866 1028 τῆς

267 1045 326 1100 ἐν
351 1042 716 1121 Χερσονήσῳ·
759 1039 1070 1122 ἀποφυγών
1096 1041 1157 1099 δὲ
1184 1040 1275 1101 καὶ
1292 1038 1523 1103 τούτους
1549 1039 1866 1119 στρατηγός

267 1127 410 1188 οὕτω
435 1127 742 1203 Ἀθηναίων
769 1128 1066 1208 ἀπεδέχθη,
1095 1128 1332 1207 αἱρεθεὶς
1356 1126 1465 1187 ὖπό
1493 1130 1593 1186 τοῦ
1620 1125 1817 1203 δήμου.

351 1216 466 1273 Καὶ
492 1221 685 1292 πρῶτα
709 1218 828 1293 μὲν,
858 1216 1037 1280 ε’όντες
1063 1218 1144 1276 ἔτι
1170 1220 1227 1277 ἐν
1251 1219 1329 1295 τῷ
1354 1212 1533 1283 ἄστεϊ,
1562 1216 1616 1273 οἷ
1648 1240 1817 1291 στρα-
1844 1218 1956 1275 105

264 1304 428 1384 τηγοὶ
455 1303 857 1381 ἀποπέμπουσι
885 1309 939 1367 ἐς
967 1304 1231 1382 Σπάρτην
1256 1302 1466 1381 κήρυκα
1484 1302 1863 1377 Φειδιππίδην,

265 1390 563 1467 Ἀθηναῖον
599 1395 703 1469 μὲν
731 1390 902 1469 ἄνδρα
937 1390 1127 1456 ἄλλως
1168 1392 1227 1453 δὲ
1265 1388 1649 1468 ἦμεροδρόμον
1683 1416 1746 1451 τε
1773 1392 1865 1449 καὶ

265 1482 432 1538 τοῦτο
462 1484 800 1556 μελετῶντα·
841 1485 918 1559 τῷ
944 1480 1030 1556 δὴ,
1066 1480 1138 1545 ὥς
1172 1478 1338 1543 αὐτός
1363 1505 1425 1540 τε
1460 1481 1618 1560 ἔλεγε
1644 1479 1864 1539 Φειδιπ-

266 1566 429 1641 πίδης
449 1568 540 1625 καὶ
564 1566 917 1643 Ἀθηναίοισι
943 1566 1290 1649 ἀπήγγελλε,
1311 1568 1440 1647 περὶ
1464 1566 1533 1629 τὰ
1552 1567 1866 1643 Παρθένιον

268 1652 428 1731 οὖρος
463 1654 527 1714 τὸ
566 1655 703 1731 ὑπὲρ
732 1656 938 1736 Τεγέης
979 1654 1012 1715 ό
1039 1656 1171 1717 Πσῖν
1210 1656 1548 1732 περιπίπτει·
1588 1653 1863 1730 βώσαντα

268 1740 329 1800 δὲ
365 1742 431 1801 τὸ
475 1741 686 1819 οὔνομα
723 1746 824 1803 τοῦ
859 1743 1225 1804 Φειδιππίδεω
1261 1742 1361 1803 τόν
1397 1746 1580 1813 Πᾶνα,
1605 1741 1861 1819 Ἀθηναί-

269 1854 387 1889 οισι
442 1835 705 1891 κελεῦσαι
758 1829 1100 1912 ἀπαγγεῖλαι
1152 1830 1292 1893 διότι
1346 1833 1545 1890 ἑωυτοῦ
1604 1829 1864 1909 οὐδεμίαν

269 1919 588 1994 ἐπιμέλειαν
621 1923 906 1979 ποιεῦνται
939 1917 1127 1981 ἐόντος
1168 1918 1323 1979 εὔνου
1362 1917 1731 1995 Ἀθηναίοισι,
1763 1918 1864 1978 καὶ

266 2008 538 2084 πολλαχῆ
573 2007 873 2086 γενομένου
911 2006 1018 2081 ἤδη
1061 2007 1238 2082 σφίσι
1278 2007 1580 2085 χρησίμου,
1606 2005 1677 2067 τοὶ
1711 2004 1757 2065 δ’
1784 2007 1865 2066 ἔτι

268 2094 361 2151 καὶ
402 2095 690 2171 ἐσομένου.
775 2095 870 2153 καὶ
898 2098 1077 2153 ταῦτα
1101 2097 1204 2170 μὲν
1228 2094 1517 2171 Ἀθηναῖοι
1556 2094 1861 2155 καταστάν-

265 2206 374 2241 των
421 2183 598 2258 σφίσι
642 2181 701 2241 εὖ
745 2182 852 2258 ἤδη
903 2186 1014 2242 τῶν
1065 2182 1406 2263 πρηγμάτων
1458 2181 1860 2245 πιστεύσαντες

267 2267 406 2329 εἶναι
455 2269 686 2344 ἀληθέα,
738 2267 1034 2346 ἱδρύσαπο
1078 2269 1189 2341 ὖπὸ
1214 2274 1309 2349 τῇ
1356 2268 1633 2346 ἀκροπόλι
1670 2270 1860 2331 Πανός

267 2356 386 2433 ἶρὸν
431 2357 522 2414 καὶ
560 2355 729 2417 αὐτόν
771 2354 882 2417 άπό
925 2357 1128 2435 ταύτης
1168 2362 1271 2435 τῆς
1312 2355 1579 2439 οἷγγελίης
1624 2356 1858 2433 θυσίῃσι

267 2446 549 2523 ἐπετείῃσι
582 2446 674 2503 καὶ
705 2446 960 2522 λαμπάδι
993 2445 1341 2506 ἱλάσκονται.
1410 2444 1551 2504 Τότε
1592 2444 1651 2501 δὲ
1685 2468 1823 2520 πεμ-
1843 2446 1957 2504 106

266 2532 429 2608 φθεὶς
453 2531 563 2593 ὖπὸ
591 2537 700 2593 τῶν
731 2538 1061 2615 στρατηγῶν
1093 2532 1126 2594 ό
1160 2532 1520 2608 Φειδιππίδης
1556 2529 1735 2601 οὗτος,
1771 2530 1865 2591 ὅτε

264 2620 369 2695 πέρ
399 2623 454 2679 οἶ
481 2622 589 2698 ἔφη
619 2622 712 2681 καὶ
735 2622 835 2682 τὸν
863 2626 1032 2681 Πᾶνα
1057 2626 1319 2697 φανῆναι,
1341 2620 1650 2696 δευτεραῖος
1676 2624 1737 2680 ἐκ
1762 2624 1863 2680 τοῦ

264 2704 569 2783 Ἀθηναίων
610 2708 811 2773 ἄστεος
845 2709 914 2785 ἦν
951 2714 1010 2771 ἐν
1037 2709 1288 2789 Σπάρτῃ·
1329 2707 1662 2785 ἀπικόμενος
1688 2708 1747 2769 δὲ
1772 2709 1866 2767 ἐπὶ

264 2793 393 2857 τοῦς
433 2793 708 2877 ἄρχοντας
750 2799 928 2879 ἔλεγε·
972 2807 1008 2833 “
1025 2797 1068 2856 ὦ
1100 2796 1543 2875 Λακεδαιμόνιοι,
1576 2794 1863 2872 Ἀθηναῖοι

264 2879 442 2959 ὖμέων
496 2885 719 2945 δέονταί
763 2891 941 2961 σφισι
983 2886 1281 2963 βοηθῆσαι
1326 2885 1418 2945 καὶ
1463 2884 1544 2963 μή
1596 2884 1858 2961 περιϊδεῖν

265 2969 434 3031 πόλιν
493 2972 868 3052 ἀρχαιοτάτην
925 2978 986 3035 ἐν
1045 2978 1201 3035 τοῖσι
1241 2972 1497 3049 ’Ἕλλησι
1550 2970 1863 3049 δουλοσύνῃ

266 3066 681 3135 περιπεσοῦσον
707 3061 848 3138 πρδς
875 3061 1085 3139 ἀνδρῶν
1110 3062 1441 3139 βαρβάρων·
1484 3062 1576 3121 καὶ
1612 3060 1726 3141 γαῖρ
1767 3063 1864 3119 νῦν

263 3144 521 3224 Ἐρέτριά
543 3176 606 3209 τε
632 3149 1086 3226 ἠνδραπόδισται,
1116 3151 1207 3209 καὶ
1247 3150 1385 3211 πόλι
1420 3150 1631 3230 λογίμῃ
1669 3148 1705 3223 ἦ
1731 3148 1863 3207 εΕλ-·
2150 3194 2192 3369 Δ

266 3239 306 3293 λ
326 3236 339 3255 x
458 3238 473 3259 ι
661 3238 673 3258 9
933 3239 948 3261 p
1037 3236 1067 3257 η
1165 3237 1181 3257 e
1264 3239 1281 3261 x
1410 3239 1426 3260 Ι
1667 3237 1683 3259 N
1730 3243 1745 3262 2

307 3263 369 3297 ας
404 3263 601 3315 γεγονε
639 3240 1037 3315 ασθενεστερη.
1148 3264 1181 3297 ο
1214 3264 1317 3315 μεν
1356 3239 1427 3315 δη
1466 3245 1580 3314 σφι
1612 3263 1685 3297 τα
1720 3262 1861 3297 εντε-

295 3332 360 3369 11.
377 3328 467 3369 -9
