2192 3409
226 899 305 958 90

234 3075 306 3132 91

318 121 415 167 254
944 106 1307 164 ἭΡοΔοτοτ
1721 112 1912 178 [vnr.

320 224 493 276 μενοι,
518 202 573 261 ἐς
596 196 701 274 τήν
721 198 1016 273 Σαλαμῖνα
1042 196 1264 255 διένεον·
1304 196 1414 255 τῶν
1439 194 1500 254 δὲ
1525 193 1838 272 βαρβάρων
1866 199 1922 255 οἶ

318 286 531 345 πολλοὶ
586 291 645 345 ἐν
704 288 777 363 τῇ
830 284 1104 361 θαλάσσῃ
1163 281 1568 361 διεφθάρησαν,
1627 283 1767 343 νέειν
1819 282 1921 342 οὐκ

320 372 700 449 ἐπιστάμενοι.
783 372 903 430 ἐπεὶ
956 371 1017 429 δὲ
1068 373 1128 428 αἶ
1179 374 1393 447 πρῶται
1434 375 1488 433 ἐς
1536 368 1726 451 φυγήν
1765 370 1921 449 ἐτρά-

322 486 514 529 ποντο,
558 461 794 520 ἐνθαῦτα
836 462 895 516 αἱ
936 461 1204 518 πλεῖσται
1252 458 1649 535 διεφθείροντο·
1720 462 1772 517 οἶ
1809 459 1922 539 γὰρ

322 546 527 606 ὄπισθε
545 548 891 626 τεταγμένοι,
912 550 967 609 ἐς
991 546 1057 605 τὰ
1084 545 1306 623 πρόσθε
1323 550 1461 625 τῇσι
1481 547 1647 622 νηυσὶ
1667 548 1922 624 παριέναι

318 634 665 711 πειρώμενοι,
718 634 789 697 ὦς
842 634 1246 711 ἀποδεξόμενοί
1295 660 1352 695 τι
1406 634 1498 693 καὶ
1549 634 1707 693 αὐτοὶ
1761 636 1923 715 ἔργον

322 723 580 798 βασιλέϊ,
620 725 759 801 πᾶσι
798 725 1114 802 σφετέρῃσι
1152 723 1316 799 νηυσὶ
1363 721 1720 801 φευγούσῃσι
1770 747 1922 800 περι-

322 812 566 871 έπιπτον.

400 898 659 981 Ἐγένετο
698 898 760 958 δὲ
799 899 891 958 καὶ
928 897 1058 959 τόδε
1099 902 1160 957 ἐν
1195 899 1272 976 τῷ
1313 896 1538 977 θορύβῳ
1576 896 1770 976 τούτῳ·
1809 902 1924 959 τῶν

320 1010 463 1051 τινες
506 990 775 1048 Φοινίκων
818 990 929 1047 τῶν
975 989 1033 1045 αἱ
1072 990 1199 1062 νῆες
1239 985 1623 1062 διεφθαρέατο,
1666 984 1922 1050 ἐλθόντες

320 1075 475 1152 παρὰ
498 1076 755 1152 βασιλέα
780 1075 1091 1150 διέβαλλον
1116 1073 1248 1138 τούς
1261 1072 1469 1147 Ἴωνας,
1495 1072 1566 1137 ὥς
1592 1072 1661 1132 δι’
1687 1074 1923 1137 ἐκείνους

322 1162 635 1223 ἀπολοίατο
690 1165 748 1221 αἶ
794 1166 936 1237 νῆες,
988 1161 1059 1226 ὥς
1110 1161 1446 1239 προδόντων·
1515 1161 1800 1237 συνήνεικε
1847 1160 1923 1223 ὦν

322 1250 478 1323 οὕτω,
536 1251 682 1311 ὥστε
734 1250 932 1310 Ἰώνων
970 1276 1034 1310 τε
1075 1249 1206 1312 τοῦς
1257 1250 1606 1329 στρατηγοῦς
1655 1248 1738 1325 μὴ
1784 1248 1923 1310 οἷπο·

322 1338 543 1412 λέσθαι,
598 1339 867 1398 Φοινίκων
927 1362 991 1397 τε
1048 1337 1179 1400 τοῦς
1240 1336 1656 1413 διαβάλλοντας
1715 1339 1924 1414 λαβεῖν

322 1425 536 1486 τοιόνδε
561 1425 791 1503 μισθόν·
835 1427 915 1485 ἔτι
933 1425 1146 1485 τούτων
1169 1428 1345 1484 ταῦτα
1365 1424 1659 1504 λεγόντων,
1683 1425 1922 1501 ἐνέβαλε

322 1514 416 1589 νηῒ
466 1513 694 1593 Ἀττικῇ
748 1512 1131 1590 Σαμοθρηΐκίη
1177 1516 1325 1589 νηῦς·
1392 1511 1432 1587 ἥ
1475 1536 1539 1572 τε
1585 1512 1652 1587 δή
1692 1510 1922 1589 Ἀττική

322 1600 633 1671 κατεδύετο,
662 1601 755 1659 καὶ
790 1601 1167 1679 ἐπιφερομένη
1193 1600 1451 1682 Αἰγιναίη
1488 1604 1621 1677 νηῦς
1653 1600 1923 1660 κατέδυσε

322 1691 434 1747 τῶν
458 1688 857 1766 Σαμοθρηίκων
881 1688 988 1765 τὴν
1013 1693 1138 1765 νῆα·
1173 1689 1271 1749 ἅτε
1297 1689 1367 1764 δή
1391 1688 1570 1753 ἐόντες
1595 1686 1923 1749 ἀκοντισταὶ

324 1777 381 1833 οἱ
433 1774 830 1883 Σαμοθρήῖκες,
882 1777 1011 1839 τοῦς
1056 1776 1328 1852 ἐπιβάτας
1381 1775 1494 1835 οἷπὸ
1539 1780 1640 1851 τῆς
1693 1776 1922 1835 καταδυ-

322 1860 511 1938 σάσης
554 1862 682 1937 νηός
706 1860 1037 1938 ’βάλλοντες
1068 1864 1374 1939 απήραξαν,
1413 1864 1504 1923 καὶ
1537 1863 1830 1939 ἐπέβησάν
1859 1889 1923 1924 τε

324 1949 419 2007 καὶ
485 1949 657 2027 ἔσχον
710 1949 902 2025 αὐτήν.
981 1954 1160 2011 ταῦτα
1215 1950 1488 2031 γενόμενα
1547 1978 1676 2014 τους
1727 1951 1924 2015 Ιωνας

325 2034 617 2113 ἐρρύσατο·
680 2036 753 2101 ὥς
794 2063 907 2118 γαρ
946 2036 1058 2098 εἶδέ
1103 2045 1287 2114 σφεας
1325 2038 1610 2115 Ξέρξης*
1582 2064 1742 2119 εργον
1773 2040 1924 2121 μέγα

326 2125 755 2205 ἐργασαμένους,
816 2126 1108 2203 ἐτράπετο
1141 2126 1282 2203 πρός
1319 2152 1449 2189 τους
1499 2126 1768 2198 Φοίνικας,
1829 2127 1923 2186 οἷα

322 2212 804 2291 ὑπερλυπεόμενός
861 2239 924 2274 τε
994 2215 1085 2273 καὶ
1141 2213 1353 2277 πάντας
1411 2214 1746 2291 αῖτιώμενος·
1832 2216 1931 2274 καί

323 2306 517 2411 σφεων
572 2305 832 2361 ἐκέλευσε
885 2308 982 2365 τοῖς
1038 2301 1290 2377 κεφαλὰς
1335 2301 1644 2377 ἀποταμεῖν
1700 2301 1790 2361 ἵνα
1839 2301 1923 2379 μή

325 2387 485 2447 αυτοὶ
522 2391 681 2448 κακοὶ
715 2390 1002 2470 γενόμενοι
1042 2389 1170 2452 τούς
1210 2388 1501 2466 ἀμείνονας
1541 2388 1923 2465 διαβάλλωσι.

326 2475 487 2553 (ὅκως
536 2475 649 2557 ’γάρ
698 2501 823 2536 τινα
864 2476 970 2536 ἴδοι
1014 2476 1226 2553 Ξέρξης
1271 2480 1380 2536 τῶν
1424 2480 1622 2535 ἑωυτοῦ
1667 2477 1827 2557 ἔργον
1869 2503 1925 2537 τι

324 2560 787 2640 άποδεικνυμενον
827 2568 885 2623 ἐν
922 2566 997 2641 τῇ
1036 2564 1330 2641 ναυμαχίῃ,
1363 2564 1666 2640 κατήμενος
1704 2562 1814 2623 υπὸ
1849 2568 1928 2644 τῷ

326 2646 476 2723 οὔρεῑ
509 2652 587 2726 τῷ
626 2649 812 2709 άντίον
854 2651 1174 2727 Σαλαμῖνος
1211 2651 1277 2710 τὸ
1321 2652 1579 2711 καλεεται
1619 2650 1925 2730 Αἰγάλεως,

324 2732 727 2794 ἀνεπυνθάνετο
768 2736 867 2795 τὸν
901 2737 1239 2812 ποιήσαντα·
1289 2739 1380 2798 καὶ
1417 2742 1470 2797 οἶ
1502 2740 1929 2818 γραμματισταὶ

324 2817 645 2897 α’νέγραφον
668 2822 946 2899 πατρόθεν
971 2822 1071 2883 τόν
1096 2824 1434 2903 τριήραρχον
1462 2827 1553 2886 καὶ
1584 2852 1688 2901 την
1711 2826 1928 2907 πόλιν.)

324 2906 466 2980 πρός
492 2904 606 2964 δὲ*
578 2932 656 2965 ετι
684 2909 774 2966 καὶ
798 2909 1198 2985 προσελάβετο
1221 2911 1447 2985 φίλος’
1420 2938 1520 2972 εων
1535 2911 1928 2989 Ἀριαράμνης,

325 2988 467 3066 οἷνηρ
496 2992 724 3068 Πέρσης
750 2997 983 3070 παρεών,
1002 2996 1205 3056 τούτου
1229 3002 1330 3056 τοῦ
1355 3000 1672 3073 Φοινικηίου
1699 2999 1929 3063 πάθεος·

412 3079 486 3133 Οἱ
510 3080 612 3151 μὲν
638 3080 706 3157 δη
732 3081 872 3154 πρὸς
897 3106 1026 3143 τους
1050 3086 1362 3145 Φοινίκας’
1337 3085 1658 3160 ετράποντο.
1734 3090 1844 3146 τῶν
1872 3088 1934 3146 δὲ

326 3160 638 3235 βαρβάρων
690 3170 747 3225 ἐς
798 3166 988 3245 φυγὴν
1034 3170 1393 3243 τραπομένων
1447 3172 1539 3227 καὶ
1584 3172 1935 3231 ἐκπλεόντων

326 3243 468 3318 πρὸς
517 3246 585 3303 τὰ
639 3249 915 3323 Φάληρον,
974 3258 1284 3330 Αἰγινῆται,
1347 3254 1692 3320 υποστάντες
1745 3261 1802 3316 ἐν
1855 3263 1938 3339 τῷ
