2192 3409
281 95 344 143 30
893 95 1259 145 ἭΡοΔοΤοτ
1783 94 1879 163 [v.

282 173 504 254 τανηΐῳ,
535 174 634 235 καί
666 200 764 251 μιν
807 174 998 253 ἵδρυσε
1033 176 1271 237 ε’νθαῦτα
1306 180 1367 237 ἐν
1394 180 1472 255 τῷ
1508 177 1877 259 ἰσχυροτάτῳ·

281 262 594 345 ἐπηγάγετο
634 263 694 323 δὲ
719 262 833 325 ’τόν
873 263 1250 326 Μελάνιππον
1286 264 1320 325 ὁ
1354 266 1735 343 Κλεισθένης,’
1762 269 1878 347 (καὶ

278 352 389 430 γὰρ
435 357 603 413 τοῦτο
645 352 729 411 δεῖ
777 350 1231 433 &wyrda-wem)
1272 352 1345 417 ὥς
1397 353 1661 432 ἔχθιστον
1716 354 1879 415 ἐόντα

185 457 196 503 ἰ
279 438 590 519 Ἀδρήστω·
639 440 702 503 ὃς
739 439 839 501 τόν
875 466 939 500 τε
980 439 1260 516 ἀδελφεόν
1300 444 1357 501 οἱ
1398 443 1697 517 Μηκιστέα
1744 441 1876 502 οἷπε-

281 528 468 588 κτόνεε
509 528 602 587 καὶ
639 526 740 588 τόν
777 527 1044 608 γαμβρὸν
1091 527 1288 587 Τυδέα·
1346 529 1469 589 ε’πεί
1504 555 1567 587 τε
1607 529 1671 588 δέ
1708 533 1765 589 οἱ
1808 530 1877 591 vd

279 615 504 691 τέμενος
555 615 801 687 απέδεξε,
859 614 1057 679 θυσίας
1101 639 1164 675 τε
1210 616 1303 675 καὶ
1348 615 1515 693 ὁρτὰς
1559 615 1878 695 Ἀδρήστου

279 701 626 781 ἀπελόμενος
653 703 813 763 ἔδωκε
845 706 921 781 τῷ
957 705 1329 783 Μελανίππῳ.
1410 707 1467 763 οἱ
1491 704 1551 763 δὲ
1586 704 1877 769 Σικυώνιοι

280 790 526 899 εἀξθεσαν
558 791 886 873 μεγαλωστὶ
921 791 1096 868 κάρτα
1128 796 1297 869 τιμᾶν
1330 791 1431 853 τὸν
1453 790 1795 869 Ἄδρηστον·
1835 794 1874 869 ἦ

279 904 412 957 γαρ
433 905 588 959 χωρη
633 877 700 955 ἦν
741 877 881 955 αὕτη
923 878 1221 955 Πολυβου·
1278 906 1311 939 ο
1356 880 1417 939 δὲ
1446 877 1840 956 ’'Aquu-roe’
1804 906 1876 957 ην

281 966 564 1043 Πολυβρυ
589 967 969 1053 θυγατριδέος·
1011 966 1181 1031 ἅπαις
1204 968 1265 1027 δε
1296 968 1571 1043 Πόλυβος
1599 972 1873 1029 τελευτῶν

279 1052 450 1114 διδοῖ
441 1048 760 1169 Ἀδρήστῳ
809 1054 914 1131 τήν
971 1053 1169 1132 ἀρχήν.
1248 1054 1322 1115 τοί
1373 1081 1437 1115 τε
1488 1056 1557 1131 δὴ
1610 1054 1765 1115 ἄλλα
1820 1060 1873 1116 οἶ

279 1142 566 1229 Σικυώνιοι
607 1144 804 1221 ἐτίμων
841 1143 942 1203 τὸν
972 1141 1311 1220 Ἄδρηστον,
1360 1144 1453 1202 καὶ
1493 1143 1561 1219 δη
1599 1144 1757 1219 πρὸς,
1798 1170 1872 1204 τα

275 1230 458 1313 πάθεα
494 1231 665 1293 αυτοῦ
695 1234 1014 1343 τραγικοῖσι
1044 1234 1273 1309 χοροῖσι
1308 1230 1607 1311 ἐγέραιρον,
1633 1232 1733 1291 τόν
1766 1234 1870 1309 μὲν

275 1320 554 1381 Διόνυσον
593 1348 660 1409 ου
699 1322 1003 1399 τιμέωντες,
1055 1320 1157 1379 τὸν
1210 1318 1269 1377 δε
1305 1317 1643 1397 Ἄδρηστον·
1699 1324 1867 1379 Κλει-

277 1408 480 1484 σθένης
519 1409 588 1469 δὲ
617 1436 821 1488 χορους
845 1434 950 1486 μεν
973 1411 1052 1485 τῷ
1078 1405 1339 1486 Διονύσῳ
1345 1405 1632 1517 aa.’⁴11-e'8‹a›¹‹e,
1664 1406 1772 1483 τήν
1808 1408 1869 1467 δὲ

274 1486 460 1571 ἄλλην
482 1496 687 1573 θυσίην
712 1522 778 1574 τα
814 1496 1187 1553 Μελανίππω.
1267 1498 1445 1555 ταῦτα
1464 1496 1569 1571 μὲν
1594 1499 1650 1557 ἐς
1664 1494 1867 1572 Ἀδρη-

151 1582 259 1640 68
276 1581 416 1643 στόν
442 1584 497 1641 οἱ
521 1583 820 1659 πεποίητο.
869 1580 1059 1643 Φυλας
1083 1582 1145 1641 δὲ
1162 1608 1263 1645 τας
1284 1582 1602 1659 Δωριέων,
1576 1608 1665 1643 ινα
1690 1581 1759 1658 δη
1783 1608 1865 1658 μη

203 1728 210 1741 ,
275 1672 335 1729 αἱ
360 1663 522 1740 αυτᾳὶ
548 1671 678 1729 ἔωσι
703 1673 856 1745 τοῖσι
872 1663 1224 1732 Σικυωνίοισι
1248 1670 1341 1729 καὶ
1366 1672 1518 1729 τοῖσι
1542 1668 1865 1750 Ἀργείοισι,

273 1742 561 1843 μετέβαλε
600 1762 654 1819 ἐς
695 1755 878 1816 ἄλλα
903 1755 1201 1833 οὐνόματα·
1270 1758 1401 1817 ἔνθα
1454 1758 1544 1815 καὶ
1594 1761 1867 1817 πλεῖστον

276 1831 640 1925 κατεγέλασε
645 1848 756 1905 τῶν
793 1844 1117 1909 Σικυωνίων·
1163 1844 1255 1903 ε’πι
1280 1843 1389 1924 γὰρ
1418 1844 1511 1905 ὑός
1536 1870 1597 1903 τε
1625 1844 1717 1902 καὶ
1736 1843 1866 1904 ὅνου

271 1932 700 2021 ταῦωνυμίας
716 1934 1044 2009 μετατιθεὶς,
1059 1930 1201 2022 αὕτα
1220 1957 1293 1991 τα
1310 1936 1600 1991 τελευταῖα
1617 1932 1865 2008 ἐπέθηκε,

272 2019 442 2096 πλην
465 2022 565 2095 τῆς
606 2024 805 2080 ἑωυτοῦ
847 2023 1053 2095 φυλῆς·
1098 2019 1274 2098 ταύτῃ
1306 2020 1367 2078 δε
1402 2018 1469 2078 τό
1507 2044 1717 2097 ουνομα
1751 2047 1864 2080 απο

272 2110 372 2183 τῆς
413 2110 612 2167 εωυτοῦ
652 2107 829 2187 ἀρχῆς
868 2108 1070 2168 ἔθετο.
1127 2105 1280 2167 οὗτοι
1317 2132 1421 2184 μεν
1460 2106 1529 2182 δή
1564 2106 1867 2187 Ἀρχέλαοι

275 2196 588 2269 ἐκαλέοντο·
613 2218 620 2225 ·
648 2195 822 2271 ἕτεροι
861 2196 938 2267 δὲ,
979 2194 1194 2256 Ὑᾶται·
1256 2193 1428 2255 ἄλλοι
1467 2195 1545 2265 δὲ,
1586 2194 1865 2257 Ὀνεᾶται·

274 2283 450 2365 ξτεροι
485 2284 545 2343 δὲ
584 2286 905 2359 Χοιρεᾶται.
985 2282 1240 2345 τούτοισι
1270 2286 1422 2345 τοῖσι
1454 2282 1726 2359 οὐνόμασι
1757 2291 1868 2345 τῶν

274 2366 496 2450 φυλέων
531 2372 798 2452 ἐχρέωντο
833 2398 888 2433 οι
925 2372 1213 2439 Σικυώνιοι
1248 2373 1342 2432 καὶ
1378 2372 1469 2431 ε’πὶ
1494 2374 1869 2437 Κλεισθένεος

276 2459 561 2571 ἄρχοντος,
579 2462 672 2519 καὶ
691 2461 900 2521 ἐκείνου
918 2461 1264 2523 “Ovem-05⁸
1235 2484 1313 2518 ετι
1334 2457 1419 2519 ὄπ
1438 2461 1563 2519 ἔτεα
1582 2460 1867 2536 ἑξήκοντα·

269 2548 568 2622 μετέπειτα
596 2549 790 2623 μέντοι
823 2546 1000 2628 λόγον
1025 2549 1203 2624 σφίσι
1238 2546 1439 2616 δόντες,
1464 2549 1841 2623 μετέβαλον’
1814 2576 1870 2613 ες

271 2658 401 2697 τους
423 2634 664 2697 Ὑλλέας
691 2635 782 2693 καὶ
809 2635 1167 2711 Παμφύλους
1188 2634 1279 2695 καὶ
1298 2634 1651 2712 Δυμανάτας·
1677 2636 1869 2715 τετάρ-

270 2746 401 2784 τους
419 2720 479 2780 δὲ
505 2720 728 2781 αὐτοῖσι
746 2723 1138 2801 προσέθεντο’
1112 2724 1203 2783 επὶ
1221 2726 1322 2783 τοῦ
1341 2721 1656 2802 Ἀδρήστου
1671 2725 1869 2789 παιδος

710 2808 725 2830 ἱ

273 2810 590 2890 Αἰγιαλέος,
655 2835 759 2887 την
811 2812 1123 2887 ἐπωνυμίην
1180 2809 1499 2887 ποιεύμενοι
1556 2813 1872 2888 κεκλῆσθαι

271 2898 594 2977 Αἰγιαλέας
641 2958 650 2967 ,

180 2986 253 3042 69
354 2990 542 3044 Ταῦτα
555 2985 660 3061 μέν
674 3011 770 3045 νυν
789 3012 820 3043 ο
806 2984 1135 3047 ’Σικυωνιω
1156 2985 1553 3059 Κλεισθένης’
1528 2986 1869 3061 επεποιήκεε.

276 3071 307 3129 ὁ
349 3073 406 3130 δὲ
441 3073 510 3148 δὴ
548 3072 842 3146 Ἀθηναῖος
883 3070 1249 3144 Κλεισθένης,
1292 3070 1394 3130 ε’ων
1431 3076 1532 3130 τοῦ
1573 3074 1872 3136 Σικυωνίου

275 3156 474 3215 τούτου
506 3158 858 3236 θυγατριδέος
893 3156 986 3215 καὶ
1020 3154 1086 3214 τὰ
1121 3155 1329 3231 οὕνομα
1366 3158 1457 3215 ἐπὶ
1486 3157 1685 3219 τούτου
1713 3162 1870 3238 ἔχων,

279 3240 485 3301 δοκέειν
509 3244 652 3318 ἐμοὶ,
679 3243 772 3301 καὶ
795 3239 956 3305 οὗτος
972 3240 1241 3317 ὖπεριδῶν
1255 3241 1466 3313 Ἴωνας,
1488 3243 1576 3303 ἶνα
1593 3245 1676 3321 μή
1694 3252 1873 3321 σφισι
