2192 3409
308 80 594 157 '173—176]
936 92 1904 145 noA'rMMA-.193

314 173 683 250 ἐβουλεύοντο
708 171 849 249 πρὸς
874 197 951 233 τα
974 173 1250 251 λεχθέντα
1281 171 1344 241 ἐξ
1363 170 1818 250 Ἀλεξάνδρου,’
1777 202 1818 253 ῃ
1842 201 1906 237 τε
1929 182 1934 187 ’

313 260 623 337 στήσονται
661 260 761 320 τόν
804 258 1057 337 πόλεμον
1105 261 1198 319 καὶ
1238 264 1296 319 ἐν
1333 259 1508 319 οἴοισι
1558 287 1813 339 χωροισι·
1865 262 1904 339 ἦ

312 352 523 407 νικῶσα
576 347 635 406 δὲ
686 346 879 428 γνώμη
942 348 1174 427 ἐγένετο,
1230 347 1334 423 τήν
1386 352 1444 406 ἐν
1497 348 1902 427 Θερμοπύλῃσι

313 434 573 511 ἐσβολὴν
610 433 879 511 φυλάξαι·
926 436 1247 511 στεινοτέρη
1288 434 1398 515 γὰρ
1441 435 1699 510 ἐφαίνετο
1730 440 1906 516 ἐοῦσα

314 526 411 598 τῆς
437 528 492 585 ἐς
518 523 863 599 Θεσσαλίην,
892 522 983 581 καὶ
1008 522 1128 598 μία,
1156 520 1435 602 οἷγχοτέρη
1464 547 1527 591 τε
1552 526 1653 599 τῆς
1679 526 1906 583 ἑωυτῶν·

312 610 415 685 τήν
442 610 500 668 δὲ
527 608 778 686 άτραπόν
804 607 871 668 δι’
898 608 968 684 ἣν
1004 608 1236 684 ἥλωσαν
1278 610 1332 667 οἱ
1363 607 1594 672 ἁλόντες
1621 608 1909 685 Ἑλλήνων

316 701 374 756 ἐν
399 698 821 775 Θερμοπύλῃσι,
850 695 977 757 οὐδὲ
1004 694 1216 775 ᾔδεσαν
1242 699 1446 755 ἐοῦσαν
1469 695 1740 773 πρότερον
1764 696 1908 774 ἥπερ

314 781 641 861 ἀπικόμενοι
708 789 763 848 ἐς
828 784 1199 860 Θερμοπύλας
1267 782 1536 844 ἐπύθοντο
1587 786 1909 863 Τρηχινίων·

315 870 519 947 ταύτην
546 871 619 931 ὧν
646 870 1061 948 ἐβουλεύσαντο
1088 870 1485 945 φυλάσσοντες
1507 872 1612 948 τὴν
1637 872 1908 948 ἐσβολὴν,

315 958 396 1034 μή
428 960 683 1036 παριέναι
718 964 772 1021 ἐς
800 958 904 1033 τὴν
938 958 1194 1018 Ἑλλάδα
1231 958 1342 1025 τᾶν
1368 957 1686 1036 βάρβαρον·
1727 958 1825 1018 τόν
1851 960 1910 1019 δὲ

301 1046 571 1151 ,ναυτικὸν
610 1046 853 1124 στρατόν
890 1046 1082 1106 πλέειν
1121 1049 1226 1127 γῆς
1265 1050 1366 1122 τῆς
1393 1045 1784 1108 Ἱστιαιώτιδος
1819 1047 1910 1105 ἐπὶ

317 1130 692 1209 Ἀρτεμίσιον·
748 1136 924 1193 ταῦτα
968 1132 1077 1243 γὰρ
1131 1132 1311 1215 οἷγχοῧ
1355 1159 1417 1193 τε
1462 1132 1730 1209 ἀλληλων
1771 1134 1908 1207 ἐστὶ,

321 1219 466 1279 ὥστε
500 1219 877 1281 πυνθάνεσθαι
916 1248 987 1281 τα
1028 1221 1170 1280 κατ-οὶ
1211 1222 1495 1299 εκατέρους
1534 1220 1711 1281 ἐόντα.
1795 1222 1874 1281 Οἵ
1890 1222 2004 1287 176

318 1332 381 1367 τε
404 1312 578 1387 χῶροι
605 1308 775 1371 οὕτως
803 1309 1013 1387 ἔχουσι·
1045 1313 1212 1368 τοῦτο
1238 1310 1354 1385 μὲν,
1378 1307 1444 1367 τό
1469 1307 1875 1386 ’ᾼρτεμίσιον’
1850 1336 1910 1367 εκ

318 1399 419 1455 τοῦ
452 1396 727 1477 πελάγεος
765 1401 867 1455 τοῦ
898 1396 1162 1473 Θρηϊκίου
1203 1396 1265 1465 ἐξ
1303 1394 1486 1473 εὐρέος
1519 1393 1818 1476 συνάγεται
1855 1402 1910 1461 ἐς

320 1482 537 1543 στεινόν
572 1484 763 1561 πόρον,
794 1482 895 1543 τὸν
928 1482 1138 1560 μεταξι)
1175 1482 1334 1543 ἐόντα
1368 1480 1546 1559 νήσου
1573 1509 1637 1542 τε
1670 1482 1912 1547 Σκιάθου
1977 1522 1982 1527 -

320 1570 413 1627 καὶ
463 1569 694 1647 ἠπείρου
749 1571 1104 1650 Μαγνησίης·
1173 1575 1234 1629 ἐκ
1280 1570 1340 1629 δὲ
1389 1574 1490 1630 τοῦ
1543 1574 1762 1630 στεινοῦ
1812 1575 1912 1647 τῆς

319 1655 571 1733 Εὐβοίης
594 1657 701 1733 ἤδη
726 1656 793 1717 vd
818 1655 1176 1735 Ἀρτεμίσιον
1203 1658 1414 1717 δέκεται
1439 1657 1710 1738 αἰγιαλός·
1751 1663 1808 1718 ἐν
1835 1658 1910 1729 δὲ,

320 1741 642 1821 Ἀρτέμιδος
686 1748 820 1822 ἱρον.
901 1742 939 1819 ἦ
974 1744 1035 1803 δὲ
1069 1744 1140 1805 αὖ
1187 1744 1278 1804 διοῖ
1312 1748 1582 1823 Τρηχῖνος
1621 1746 1813 1810 ἔσοδος
1856 1751 1912 1809 ἐς
1987 1772 1994 1775 ·

320 1829 424 1907 τὴν
460 1830 714 1891 Ἑλλάδα
756 1833 891 1901 ἔστι,
932 1836 1005 1911 τῇ
1046 1832 1388 1907 στεινοτάτη,
1429 1832 1793 1910 ἡμίπλεθρον·
1847 1833 1912 1893 οὗ
1981 1859 1984 1862 ·

318 1920 510 1995 μέντοι
536 1919 677 1979 καταῖ
701 1920 869 1981 τοῦτο’
892 1918 947 2000 γ’
980 1921 1104 2001 ἐστι
1126 1920 1192 1979 τό
1225 1919 1578 1991 στεινότατον
1602 1924 1702 1997 τῆς
1730 1920 1914 1999 χώρης

319 2010 420 2081 τῆς
469 2008 665 2084 ἄλλης,
720 2005 852 2067 ἀλλ’
907 2007 1196 2085 ἔμπροσθέ
1244 2032 1306 2066 τε
1368 2009 1771 2086 Θερμοπυλέων
1821 2006 1914 2067 καὶ

321 2092 545 2155 ὄπισθε·
612 2095 753 2155 κατά
790 2121 854 2155 τε
903 2094 1219 2171 Ἀλπηνούς
1263 2092 1464 2156 ὄπισθε
1505 2095 1692 2159 ἐόντας
1739 2100 1914 2157 ἐοῦσα

320 2180 588 2258 ἆμαξιτὸς
627 2182 821 2260 μούνη,
864 2183 957 2241 καὶ
994 2183 1278 2260 ἔμπροσθε
1313 2181 1451 2242 κατσῖ
1484 2184 1713 2242 Φοίνικα
1740 2209 1910 2243 ποτα-

319 2267 447 2344 μὸν,
474 2267 657 2348 οἷγχοῦ
682 2268 964 2344 Ἀνθηλῆς
988 2268 1202 2342 πόλιος,
1233 2268 1500 2346 ἁμαξιτὸς
1529 2268 1696 2343 ἄλλη,
1713 2269 1906 2345 μούνη.

322 2357 433 2413 τῶν
478 2355 536 2413 δὲ
584 2355 987 2431 Θερμοπυλέων
1031 2355 1098 2417 τὸ
1144 2360 1248 2433 μὲν
1291 2356 1432 2435 πρός
1483 2355 1736 2431 ἑσπέρης,
1786 2354 1913 2433 ὅρος

322 2438 541 2517 ἄβατόν
584 2468 647 2502 τε
689 2443 781 2501 καὶ
822 2441 1194 2520 ἀπόκρημνον,
1247 2442 1484 2522 ὖψηλὸν,
1530 2442 1813 2502 ἀνατεῖνον
1858 2446 1914 2506 ἐς

320 2528 425 2605 τὴν
459 2530 650 2607 Οἴτην·
691 2530 756 2589 τὸ
790 2530 849 2590 δὲ
882 2530 1023 2607 πρὸς
1062 2530 1166 2606 rrJv
1201 2530 1282 2607 ἠῶ
1322 2535 1424 2607 τῆς
1455 2529 1603 2603 ὃδοῦ,
1643 2527 1912 2589 θάλασσα

320 2615 644 2678 ὖποδέκεται
675 2618 767 2677 καὶ
795 2616 1049 2698 τενάγεα·
1090 2620 1213 2678 ἐστι
1248 2617 1306 2676 δὲ
1341 2622 1398 2677 ἐν
1433 2619 1506 2695 τῇ
1536 2615 1712 2695 ἐσόδῳ
1741 2616 1915 2695 ταύτῃ

322 2706 499 2782 θερμαῖ
539 2705 765 2782 λουτρά,
807 2704 879 2765 τοὶ
919 2704 1172 2783 Χύτρους
1211 2704 1478 2763 καλέουσι
1519 2706 1572 2763 οἱ
1612 2703 1910 2782 ἐπιχώριοι,

322 2794 415 2851 καὶ
448 2792 643 2871 βωμὸς
676 2793 889 2871 ἵδρυται
912 2792 1226 2869 “Ηρακλέος
1258 2790 1340 2851 ἐπ’
1367 2789 1608 2851 αὗτοῖσι·
1651 2791 1914 2868 ἐδέδμητο

322 2879 381 2939 δὲ
430 2884 614 2960 τεῖχος
665 2880 807 2941 κατοῖ
862 2880 1063 2942 ταύτας
1113 2880 1213 2941 τοὶς
1264 2877 1534 2954 ἐσβολάς,
1587 2880 1680 2937 καὶ
1730 2879 1797 2938 τό
1847 2903 1914 2957 γε

321 2968 565 3028 παλαιὰν
588 2966 817 3028 πύλαι’
792 2972 1027 3043 ἐπῆσαν·
1070 2966 1288 3043 ἔδειμαν
1315 2966 1374 3025 δὲ
1405 2968 1616 3029 Φωκέες
1641 2965 1706 3024 τό
1732 2968 1918 3042 τεῖχος

322 3053 670 3125 δείσαντες,’
645 3055 764 3113 επεὶ
791 3054 1085 3113 Θεσσαλοὶ
1110 3052 1342 3129 ἦλθον’
1316 3080 1376 3113 εκ
1395 3056 1744 3130 Θεσπρωτῶν
1770 3050 1918 3125 οῖκή·

322 3167 517 3206 σοντες
542 3146 651 3223 γῆν
679 3139 783 3218 τὴν
809 3141 1061 3212 Αἰολίδα,
1090 3140 1298 3217 τήνπερ
1335 3146 1430 3201 νῦν
1468 3141 1736 3201 ἐκτέαται.
1819 3136 1918 3198 ἅτε

324 3228 393 3303 δή
460 3227 805 3305 πειρωμένων
868 3230 979 3288 τῶν
1044 3232 1360 3287 Θεσσαλῶν
1427 3225 1923 3303 καταστρέφεσθαί
