2192 3409
298 79 393 127 252
908 80 921 99 ‘
931 81 977 128 H
984 78 1274 128 POAO'I'OT
1705 76 1894 143 [VIII.

198 160 276 217 85
378 156 543 217 Κατὰ
607 158 712 235 μὲν
768 157 835 233 δὴ
888 157 1214 233 Ἀθηναίους
1269 156 1568 235 ἐτετάχατο
1627 161 1896 223 Φοίνικες·

296 243 450 305 οὗτοι
474 244 586 324 γοὶρ
624 244 775 324 εἶχον
803 244 870 305 τὸ
906 245 1045 321 πρὸς
1068 242 1393 306 Ἐλευσῖνός
1431 268 1492 302 τε
1529 244 1622 302 καὶ
1660 248 1898 323 ἑσπέρης

298 336 477 409 κέρας·
560 333 701 392 κατὰ
752 333 813 391 δὲ
855 332 1340 408 Λακεδαιμονίους,
1377 330 1581 395 Ἴωνες·
1653 332 1808 393 οὗτοι
1850 336 1897 393 δ’

300 421 455 500 εἶχον
484 421 550 480 τὸ
576 421 715 497 πρός
748 420 853 496 τὴν
886 420 969 495 ήῶ
1003 445 1065 479 τε
1101 421 1193 477 καὶ
1224 419 1324 479 τὸν
1355 422 1642 498 Πειραιέα·
1711 423 1900 482 ἐθελο-

301 508 497 569 κάκεον
522 510 711 584 μέντοι
738 507 917 567 αὐτῶν
943 506 1085 566 κατὰ
1108 506 1208 571 τὰς
1229 510 1645 584 Θεμιστοκλέος
1671 511 1901 574 ἐντολοὶς

299 595 501 676 ὀλίγοι·
570 598 623 653 οἱ
670 595 729 654 δὲ
779 599 1013 661 πλεῦνες
1060 594 1145 655 οὔ.
1227 597 1370 703 3¹an
1381 597 1486 672 μέν
1535 622 1631 657 νυν
1678 602 1901 676 συχνῶν

301 682 581 759 οὐνόματα
606 682 955 761 τριηράρχων
974 684 1276 753 καταλέξαι
1293 687 1404 742 τῶν
1423 688 1558 759 νῆας
1567 683 1902 759 Ἑλληνίδας

302 769 557 830 ἑλόντων·
604 770 893 850 χρήσομαι
924 771 984 829 δὲ
1018 769 1242 829 αὐτοῖσι
1275 770 1448 840 ουδέν,
1489 772 1652 879 πλῆν
1685 774 1900 848 Θεομη-

304 858 508 935 στορός
558 885 621 919 τε
672 862 774 919 τοῦ
819 858 1297 935 Ἀνδροδάμαντος
1345 859 1436 917 καὶ
1489 842 1750 918 Φυλακου
1794 866 1898 919 τοῦ

300 945 583 1022 Ἱστιαίου,
610 948 833 1025 Σαμίων
857 946 1208 1024 ἀμφοτέρων.
1277 950 1378 1006 τοῦ
1405 940 1476 1006 δὲ
1491 948 1669 1006 εἵνεκα
1693 949 1902 1024 μέμνη-

300 1060 405 1111 μαι
443 1035 649 1096 τούτων
688 1035 921 1112 μούνων,
948 1034 1035 1095 ὅτι
1077 1034 1421 1112 Θεομήστωρ
1461 1037 1566 1129 μὲν
1605 1034 1696 1093 δια
1734 1038 1902 1095 τοῦτο

302 1122 369 1183 τό
410 1124 571 1203 ἔργον
613 1122 808 1199 Σάμου
848 1123 1222 1199 ἐτυράννευσε,
1265 1122 1740 1197 καταστησάντων
1791 1128 1903 1183 τῶν

305 1213 590 1288 Περσέων·
618 1211 875 1274 Φύλακος
900 1211 959 1269 δὲ
986 1211 1272 1291 εὐεργέτης
1289 1206 1570 1285 βασιλέος
1593 1209 1902 1291 ἀνεγράφη,

306 1300 398 1357 καὶ
432 1299 587 1378 χώρη
624 1302 678 1358 οἶ
720 1298 966 1377 ἐδωρήθη
1004 1298 1220 1373 πολλή.
1303 1301 1358 1357 οἱ
1401 1296 1448 1356 δ’
1485 1296 1764 1377 εὐεργέται
1802 1304 1906 1357 τοῦ

208 1388 285 1445 86
304 1388 580 1463 βασιλέος
638 1379 972 1468 ὀροσάγγαι·
1012 1386 1308 1445 καλέονται
1370 1385 1670 1462 Περσιστί.
1755 1387 1902 1463 Περὶ

302 1475 408 1549 μέν
434 1500 529 1533 νυν
555 1475 781 1538 τούτους
806 1474 947 1533 οὕτω
980 1472 1114 1551 εἶχε·
1177 1472 1242 1533 τὸ
1281 1473 1344 1532 δὲ
1377 1474 1598 1547 πλῆθος
1623 1477 1732 1533 τῶν
1758 1479 1904 1549 νηῶν

305 1566 362 1619 ἐν
404 1564 477 1640 τῇ
520 1563 799 1638 Σαλαμῖνι
840 1562 1162 1638 ἐκεραΐζετο,
1213 1564 1272 1621 αἱ
1317 1563 1420 1637 μὲν
1465 1560 1556 1619 ὑπ’
1598 1560 1908 1637 Ἀθηναίων

306 1648 760 1724 διαφθειρόμεναι
786 1653 845 1708 αἱ
870 1650 930 1707 δὲ
964 1648 1075 1709 im}
1112 1648 1468 1729 Αἰγινητέων·
1527 1647 1625 1707 ἅτε
1655 1649 1764 1729 γὰρ
1795 1654 1908 1710 τῶν

302 1738 407 1811 μὲν
430 1734 720 1811 Ἑλλήνων
746 1737 855 1797 σῦν
880 1736 1073 1815 κόσμῳ
1110 1735 1532 1815 ναυμαχεόντων
1565 1736 1706 1795 κατὰ
1729 1736 1905 1805 τάξιν,

304 1828 415 1883 τῶν
451 1822 511 1881 δὲ
546 1824 859 1900 βαρβάρων
896 1824 961 1883 οὗ
994 1824 1342 1905 τεταγμένων
1374 1824 1470 1894 ἔτι,
1505 1822 1631 1883 οὔτε
1667 1823 1774 1883 σῦν
1800 1824 1907 1903 νόῳ

304 1910 602 1971 ποιεόντων
650 1910 821 1981 οὐδὲν,
878 1912 1081 1987 ἔμελλε
1119 1910 1342 1971 τοιοῦτό
1381 1917 1494 1987 σφι
1535 1912 1907 1970 συνοίσεσθαι

308 1997 531 2075 οἷόνπερ
583 1997 793 2075 ἐπέβη·
876 1999 1057 2057 καίτοι
1117 1998 1268 2073 ἦσάν
1326 2024 1394 2078 γε
1457 1998 1574 2079 [καὶ
1627 2000 1906 2080 ἐγένοντο]

304 2085 511 2163 ταύτην
549 2086 653 2162 τὴν
688 2087 903 2165 ἡμέρην
940 2090 1134 2165 μακρῷ
1174 2085 1455 2161 ἀμείνονες
1487 2085 1646 2145 αὐτοὶ
1665 2090 1905 2161 ἐωυτῷν,

305 2172 366 2256 [ἦ
392 2174 532 2253 πρός
556 2174 821 2257 Εὐβοίῃ]
847 2179 959 2238 πᾶς
980 2201 1065 2237 τις
1089 2173 1540 2251 προθυμεόμενος
1571 2174 1664 2232 καὶ
1700 2174 1908 2249 δειμαί-

308 2288 415 2323 νων
452 2264 685 2341 Ξέρξην·
758 2262 943 2323 ἐδόκεέ
978 2288 1040 2323 τε
1080 2264 1318 2326 ἕκαστος
1357 2261 1558 2322 ἑωυτὸν
1597 2260 1909 2337 θεήσεσθαι

306 2354 577 2428 βασιλέα.

212 2441 285 2497 87
390 2440 555 2500 Κατοὶ
578 2441 683 2517 μὲν
723 2440 791 2516 δή
825 2440 953 2503 τοῦς
988 2439 1215 2513 ἄλλους,
1247 2438 1346 2500 οὐκ
1384 2442 1490 2519 ἔχω
1525 2439 1910 2517 μετεξετέρους

306 2532 479 2587 εἰπεῖν
517 2528 797 2605 ἀτρεκέως,
842 2527 913 2589 ὥς
954 2528 1177 2587 ἔκαστοι
1219 2532 1329 2587 τῶν
1367 2527 1682 2605 βαρβάρων
1724 2525 1761 2602 ἦ
1799 2532 1910 2586 τῶν

305 2615 597 2691 Ἑλλήνων
639 2615 989 2695 ἠγωνίζοντο·
1062 2615 1202 2675 κατσὶ
1256 2617 1315 2675 δὲ
1361 2616 1724 2691 Ἀρτεμισίην
1777 2615 1908 2673 τάδε

308 2702 543 2780 ἐγένετο,
592 2702 687 2761 ἀπ’
730 2702 805 2761 ὧν
846 2702 1178 2778 εὐδοκίμησε
1217 2706 1445 2778 μᾶλλον
1486 2704 1566 2761 ἔτι
1605 2701 1757 2778 παροῖ
1798 2703 1907 2777 βα-

309 2789 484 2845 σιλέϊ·
542 2790 728 2864 ἐπειδὴ
768 2790 879 2871 γοὶρ
922 2796 977 2851 ἐς
1016 2791 1264 2865 θόρυβον
1303 2790 1528 2849 πολλὸν
1569 2788 1799 2848 α’πίκετο
1838 2786 1912 2848 τοὶ

306 2875 585 2948 βασιλέος
623 2876 942 2955 πρήγματα,
988 2882 1045 2934 ἐν
1082 2876 1259 2955 τούτῳ
1298 2881 1376 2955 τῷ
1417 2880 1586 2953 καιρῷ
1623 2875 1662 2950 ἦ
1703 2880 1832 2949 νηῦς
1871 2882 1910 2953 ἦ

306 2958 663 3036 Ἀρτεμισίης
692 2962 943 3020 ἐδιώκετο
976 2961 1085 3021 ὑπὸ
1124 2964 1252 3038 νηὸς
1277 2963 1553 3038 Ἀττικῆς·
1597 2964 1689 3021 καὶ
1725 2961 1779 3037 ἢ,
1811 2962 1911 3022 οὐκ

308 3046 517 3121 ἔχουσα
572 3046 909 3124 διαφυγέειν·
992 3049 1276 3123 ἔμπροσθε
1343 3050 1454 3129 γὰρ
1523 3048 1693 3123 αὐτῆς
1760 3048 1912 3123 ἦσαν

307 3129 480 3187 ἄλλαι
522 3135 649 3204 νῆες
690 3134 878 3205 φίλιαι
912 3134 950 3207 ἦ
986 3135 1047 3191 δὲ
1078 3134 1250 3209 αὐτῆς
1290 3137 1430 3211 πρὸς
1471 3141 1581 3195 τῶν
1623 3138 1910 3211 πολεμίων

308 3214 563 3287 μάλιστα
590 3215 854 3293 ἐτύγχανε
887 3223 1077 3276 ἐοῦσα·
1123 3221 1276 3289 ἔδοξέ
1307 3225 1360 3279 οἱ
1396 3222 1524 3279 τόδε
1559 3224 1910 3296 ποιῆσαι,,τό
