2192 3409
292 78 507 144 24—29]
900 77 1307 129 ΤΕΡΨΙΧΟΡΗ.
1537 70 1547 74 ’
1575 70 1593 73 ”
1826 77 1885 126 11

292 159 541 221 καστέων
596 156 684 218 ὅτι
743 156 836 217 ἐπὶ
885 156 1145 236 χρήμασι
1196 158 1355 234 δίκην
1404 154 1595 217 ἄδικον
1647 155 1887 226 ἐδίκασε,

291 247 518 326 σφάξας
557 243 811 323 άπέδειρε
843 249 1038 306 πᾶσαν
1068 245 1173 322 τήν
1206 243 1579 321 άνθρωπηιην·
1616 242 1891 312 σπαδίξας

292 336 353 397 δὲ
395 334 568 395 αὐτοῦ
608 332 676 393 τὰ
721 332 914 411 δέρμα,
960 332 1191 410 ἱμάντας
1245 333 1307 403 ἐξ
1354 330 1525 391 αὐτοῦ
1579 331 1742 407 ἔταμε
1796 331 1889 390 καὶ

291 424 518 483 ἐνέτεινε
539 419 655 497 ,τὸν
693 419 895 498 θρόνον
930 424 985 483 ἐς
1025 420 1127 481 τᾶν
1160 420 1285 493 ἵζων
1320 420 1549 491 ἐδίκαζε·
1592 418 1890 481 ἐντανύσας

291 512 349 570 δὲ
389 510 423 571 ὅ
443 507 793 586 -Καμβύσης
834 507 1066 579 α’πέδεξε
1118 506 1391 583 δικαστήν
1432 506 1572 567 εἶναι
1617 504 1740 566 ἀντὶ
1789 511 1891 565 τοῦ

292 596 603 677 Σισάμνεω,
642 594 744 657 τόν
784 594 1115 660 α’ποκτείνας
1146 595 1419 673 ἀπέδειρε,
1450 594 1552 655 τόν
1582 594 1755 653 παῖδα
1790 598 1889 654 τοῦ

292 686 600 765 Σισάμνεω,
628 683 1010 761 ἐντειλάμενός
1034 686 1088 744 οἱ
1114 684 1441 762 μεμνῆσθαι
1466 688 1524 744 ἐν
1558 684 1635 761 τῷ
1662 683 1891 755 κατίζων

291 774 468 855 θρόνῳ
495 772 720 845 δικάζει.
778 769 961 837 Οὗτος
987 771 1063 834 ὧν
1090 772 1123 833 ὅ
1148 771 1388 849 Ὀτάνης
1413 770 1447 833 o‘
1472 771 1891 853 ἐγκατιζόμενος
1906 772 1983 831 26

291 867 346 925 ἐς
402 867 602 931 τοῦτον
653 860 754 922 τὸν
819 860 1036 939 θρόνον,
1088 859 1219 921 τότε
1278 858 1535 939 διάδοχος
1592 858 1886 941 γενόμενος

291 950 618 1033 Μεγαβάζῳ
642 954 744 1027 τῆς
781 950 1145 1028 στρατηγίης,
1174 949 1509 1019 Βυζαντίους
1542 974 1605 1008 τε
1626 947 1761 1007 ἐἷλε
1798 948 1891 1007 καὶ

292 1038 736 1117 Καλχηδονίους·
781 1038 896 1097 εἷλε
924 1038 984 1097 δέ
999 1036 1346 1113 Ἄντανδρον
1371 1036 1476 1113 τήν
1496 1042 1554 1109 ἐν
1574 1039 1650 1114 ,τῇ
1676 1034 1891 1113 Τρωάδι

289 1130 386 1206 γῇ·
428 1126 546 1185 εἷλε
581 1125 641 1185 δὲ
675 1124 1034 1199 Λαμπώνιον·
1083 1124 1288 1201 λαβών
1329 1124 1389 1183 δὲ
1428 1123 1583 1202 παροῖ
1622 1124 1891 1199 Λεσβίων

292 1213 417 1277 νέας
443 1213 560 1273 εἷλε
583 1210 818 1289 Λῆμνόν
837 1236 898 1271 τε
918 1212 1012 1271 καὶ
1025 1211 1289 1290 Ἴμβρον,
1311 1210 1638 1289 ἀμφοτέρας
1665 1211 1744 1270 ἔτι
1761 1209 1891 1271 τότε

213 1333 226 1341 -
290 1327 400 1361 υπο
427 1303 752 1383 Πελασγῶν
783 1300 1279 1378 οἰκεομένας.οἶ
1302 1326 1407 1378 μεν
1434 1300 1504 1376 δὴ
1528 1298 1771 1377 Λήμνιοι
1798 1325 1891 1358 και
1870 1300 1985 1363 27

292 1389 644 1468 ἐμαχέσαντο
673 1387 732 1449 εὖ
761 1388 855 1448 καὶ
892 1388 1229 1467 αμυνόμενοι
1253 1388 1361 1449 άνα
1386 1388 1591 1467 χρόνον
1618 1387 1891 1465 ἐκακωθη-

289 1502 420 1536 σαν·
460 1480 615 1537 τοῖσι
650 1476 710 1535 δε
740 1480 1030 1554 περιεοῦσι
1069 1474 1249 1537 αὐτῶν
1282 1480 1337 1538 οἶ
1370 1477 1597 1554 Πέρσαι
1635 1475 1891 1557 ὕπαρχον

291 1566 563 1623 ἐπιστᾶσι
593 1562 934 1640 Λυκάρητον,
962 1562 1065 1625 τᾶν
1095 1564 1447 1640 Μαιανδρίου
1477 1568 1577 1626 τοῦ
1611 1563 1888 1642 βασιλεύ-

289 1676 499 1714 σαντος
519 1649 713 1728 Σάμου
732 1650 1030 1727 άδελφεόν.
1088 1648 1277 1733 (οὗτος
1302 1652 1335 1713 ὁ
1360 1651 1685 1731 Λυκάρητος
1702 1650 1892 1731 ἅρχων

289 1742 350 1798 ἐν
388 1738 596 1819 Λήμνῳ
626 1739 906 1820 τελευτᾷ.)
989 1741 1141 1801 αἰτία
1181 1740 1243 1799 δὲ
1280 1739 1483 1801 τούτου
1522 1740 1639 1817 ἥδε·
1680 1738 1893 1804 πάντας

287 1824 715 1905 ἠνδραποδίζετο
741 1827 834 1887 καὶ
861 1828 1293 1905 κατεστρέφετο,
1312 1828 1442 1892 τοῦς
1458 1830 1564 1905 μὲν
1583 1832 1891 1905 λιποστρα·

285 1914 408 1991 τίης
433 1910 540 1975 ’ἐπὶ
580 1914 799 1979 Σκύθας
838 1915 1177 1993 αἰτιώμενος,
1217 1914 1349 1980 τούς
1388 1916 1449 1975 δὲ
1488 1916 1752 1977 σίνεσθαι
1792 1916 1891 1977 τόν

287 2002 532 2080 Δαρείου
577 2002 824 2080 στρατὸν
869 2002 984 2063 ‹in-6
1032 2004 1288 2068 Σκυθέων
1330 2003 1513 2065 ὀπίσω
1560 2002 1891 2080 άποκομιζό-

283 2114 474 2165 μενον·
524 2087 686 2154 οὗτος
717 2091 823 2167 μέν
853 2116 951 2151 νυν
979 2094 1239 2152 τοσαῦτα
1270 2091 1615 2174 ἐξεργάσατο
1649 2116 1891 2171 στρατη-

284 2176 492 2258 γήσας.

367 2264 536 2325 Meni
569 2266 645 2335 δὲ,
673 2264 740 2325 οὗ
771 2263 996 2327 πολλὸν
1021 2266 1228 2346 χρόνον
1254 2264 1445 2332 ἄνεσις
1474 2269 1656 2327 κακῶν
1680 2266 1768 2341 ἦν,
1797 2266 1890 2325 καὶ
1908 2268 1985 2326 28

285 2350 496 2431 ἤρχετο
520 2352 588 2413 τό
621 2352 875 2432 δεύτερον
899 2359 959 2413 ἐκ
994 2353 1191 2425 Νάξου
1216 2380 1279 2415 τε
1313 2354 1408 2413 καὶ
1438 2352 1703 2429 Μιλήτου
1728 2352 1892 2413 Ἴωσι

285 2440 548 2520 γίνεσθαι
584 2440 748 2501 κακά.
813 2444 984 2502 τοῦτο
1014 2445 1120 2519 μὲν
1142 2442 1255 2524 γοὶρ
1282 2441 1320 2518 ἦ
1348 2440 1543 2511 Νάξος
1574 2440 1891 2521 εὐδαιμονίῃ

284 2530 397 2595 τῶν
415 2526 602 2604 νήσων
619 2530 916 2607 προέφερε,
936 2533 1105 2590 τοῦτο
1130 2530 1192 2590 δὲ
1216 2530 1358 2590 κατὰ
1376 2528 1479 2591 τᾶν
1498 2528 1668 2591 αὖτὸν
1686 2528 1893 2610 χρόνον

283 2614 324 2690 ἦ
361 2617 624 2691 Μίλητος
657 2614 800 2693 αὐτή
829 2642 891 2677 τε
928 2620 1131 2693 ἑωυτῆς
1159 2616 1419 2695 μάλιστα
1448 2617 1517 2694 δή
1550 2617 1679 2679 τότε
1716 2616 1891 2696 άκμά-

283 2727 462 2776 σασα,
496 2702 588 2762 καὶ
627 2702 696 2780 δή
733 2703 824 2764 καὶ
863 2708 965 2781 τῆς
993 2702 1204 2781 Ἰωνίης
1242 2704 1312 2782 ἦν
1351 2705 1685 2786 πρόσχημα·
1729 2704 1891 2765 κατύ-

283 2791 457 2867 περθε
482 2790 543 2849 δὲ
560 2789 784 2861 τούτων,
807 2792 898 2853 ἐπὶ
923 2790 1022 2852 δύο
1048 2818 1243 2873 γενεας
1267 2791 1479 2870 ἀνδρῶν
1506 2793 1811 2869 νοσήσασα
1837 2796 1893 2856 ἔς

282 2900 358 2937 τα
381 2877 640 2954 μάλιστα
665 2878 858 2949 στάσι,
886 2879 1054 2958 μέχρι
1081 2876 1148 2939 οὗ
1174 2905 1271 2956 μιν
1292 2879 1502 2957 Πάριοι
1528 2880 1889 2955 κατήρτισαν·

281 2965 517 3028 τούτους
560 2993 670 3078 γαρ
721 2970 1169 3045 καταρτιστῆρας
1224 2971 1284 3025 ἐκ
1337 2966 1557 3028 πάντων
1601 2964 1892 3041 Ἑλλήνων

282 3054 508 3115 εἵλοντο
535 3058 588 3114 οἱ
618 3054 922 3131 Μιλήσιοι.
990 3052 1377 3130 Κατήλλαξαν
1402 3055 1466 3113 δέ
1495 3059 1681 3130 σφεας
1707 3050 1811 3113 ὦδε
1836 3056 1892 3113 οἶ
1916 3056 1995 3113 29

283 3139 515 3219 Πάριοι.
597 3142 669 3207 ὥς
713 3142 981 3203 ἀπίκοντο
1022 3140 1205 3202 αὐτῶν
1246 3140 1437 3218 ἄνδρες
1476 3143 1532 3199 οἱ
1572 3137 1796 3218 άριστοι
1836 3146 1892 3204 ἐς

281 3226 390 3304 τήν
425 3229 706 3307 Mam-ov,
733 3229 905 3309 ὦρεον
933 3229 1046 3309 γαῖρ
1077 3227 1149 3304 δή
1185 3233 1371 3304 σφεας
1406 3228 1593 3293 δεινῶς
1630 3228 1892 3305 οἶκοφθοε·
