2192 3409
293 75 386 123 166
918 54 1270 135 npvo‘row
1724 70 1880 137 [vn.

288 149 514 224 λόντων,
558 150 864 227 δασάμενοι
899 153 1062 211 σῖτον
1105 154 1163 209 ἐν
1204 152 1341 229 τῇσι
1380 147 1585 210 πόλισι
1620 152 1677 211 οἶ
1718 150 1887 215 α’,στοὶ

289 236 500 315 ἄλευρά
543 263 605 299 τε
654 238 745 296 καὶ
793 236 1010 314 ἄλφιτα
1055 237 1275 297 ἐποίευν
1320 236 1522 300 πάντες
1568 237 1662 297 ἐπὶ
1706 243 1885 315 μῆνας

291 324 548 405 συχνούς·
586 330 753 386 τοῦτο
794 325 868 395 δὲ,
899 324 1098 401 κτήνεα
1130 323 1454 384 σιτεῦεσκον
1480 325 1887 436 ἐξευρίσκοντες

291 418 456 490 τιμῆς
496 440 567 474 τα
614 413 914 483 κάλλιστα,
956 412 1193 489 ἔτρεφόν
1229 437 1291 471 τε
1327 410 1548 489 ορνιθας
1587 416 1886 492 χερσαίους

293 502 385 559 καὶ
418 500 772 577 λιμναίους”
744 526 800 559 εν
838 526 900 559 τε
941 500 1212 577 οικήμασι
1244 499 1338 558 καὶ
1362 498 1697 569 λάκκοισι,’
1672 527 1726 563 ες
1751 501 1885 561 ὕπο-

293 586 464 666 δοχας
481 590 583 646 τοῦ
609 590 876 663 στρατοῦ·
914 591 1079 646 τοῦτο
1108 586 1183 657 δὲ,
1199 584 1415 665 χρύσεά
1437 611 1499 645 τε
1527 587 1618 644 καὶ
1642 586 1885 667 ἀργύρεα

291 672 530 750 ποτήριά
573 699 636 734 τε
679 674 770 731 καὶ
813 678 1094 752 κρητῆρας
1128 676 1429 747 ἐποιεῦντο,
1478 673 1569 732 καὶ
1613 673 1685 733 τά
1731 674 1885 740 ἄλλα

293 758 407 819 ὅσα
451 760 540 819 ἐπὶ
587 761 865 838 τράπεζαν
903 762 1151 823 τιθέαται
1192 762 1387 832 πάντα.
1457 764 1632 822 ταῦτα
1670 763 1774 838 μὲν
1814 763 1883 839 δή

293 845 440 926 αὐτῷ
472 869 536 907 τε
568 848 812 924 βασιλέϊ
845 850 936 908 καὶ
975 850 1129 909 τοῖσι
1168 848 1493 926 ὁμοσίτοισι
1513 902 1519 907 .
1530 847 1651 925 μετ’
1678 850 1884 910 ἐκείνου

295 936 608 1011 ἐπεποίητο,
635 941 708 1016 τῇ
741 936 804 996 δὲ
826 936 978 1015 ἄλλῃ
1005 940 1243 1015 στρατιῇ
1267 934 1339 997 τοῖ
1367 940 1421 1000 ἐς
1449 936 1679 1013 φορβὴν
1703 941 1885 1013 μοῦνα

291 1022 634 1100 τασσόμενα.
719 1024 857 1088 ὅκως
903 1024 962 1083 δὲ
1009 1023 1265 1089 ἀπίκοιτο
1312 1022 1350 1099 ἤ
1399 1022 1653 1100 στρατιή,
1703 1024 1882 1100 σκηνὴ

293 1111 396 1186 μὲν
439 1110 570 1171 ἔσκε
614 1116 895 1191 πεπηγυῖα
942 1112 1132 1187 ἑτοίμη
1150 1178 1159 1185 .
1180 1116 1235 1174 ἐς
1280 1110 1384 1186 τὴν
1424 1110 1591 1173 αὗτὸς
1629 1111 1884 1192 σταθμόν

293 1198 616 1259 ποιεέσκετο
642 1200 870 1276 Ξέρξης·
910 1198 948 1276 ἦ
989 1198 1049 1257 δὲ
1093 1195 1247 1273 ἄλλη
1284 1196 1521 1274 στρατιή
1558 1198 1707 1261 ἔσκε,
1724 1198 1883 1258 ὑπαί·

287 1285 466 1367 Opem·
509 1286 580 1349 ὥς
617 1286 675 1345 δὲ
711 1286 931 1347 δείπνου
966 1286 1178 1367 γίνοιτο
1220 1284 1350 1362 ὥρη,
1379 1288 1433 1344 οἶ
1461 1286 1565 1361 μὲν
1604 1285 1884 1363 δεκόμενοι

297 1373 532 1451 ἔχεσκον
570 1373 760 1433 πόνον·
803 1377 856 1433 οἶ
882 1374 957 1443 δὲ,
986 1372 1124 1436 ὅκως
1149 1372 1495 1449 πλησθέντες
1520 1371 1689 1432 νύκτα
1714 1372 1884 1433 αὐτοῦ

293 1458 572 1541 ἀγάγοιεν,
601 1465 672 1539 τῇ
698 1460 964 1539 ὖστεραίῃ
988 1458 1092 1537 τήν
1122 1487 1185 1521 τε
1220 1460 1437 1537 σκηνήν
1459 1458 1885 1525 α’νασπάσαντες

297 1546 387 1603 καὶ
411 1546 482 1605 τὰ
507 1548 716 1605 ἔπιπλα
744 1547 925 1607 πάντα
952 1547 1245 1623 λαβόντες,
1278 1547 1419 1609 οὕτω
1451 1546 1879 1623 ἀπελαύνεσκον,

135 1662 146 1671 ·
203 1634 320 1693 120
337 1634 620 1696 λείποντες
637 1632 820 1706 ουδὲν,
851 1634 1002 1693 ἀλλὰ
1045 1634 1363 1712 φερόμενοι·
1392 1633 1572 1695 Ἔνθα
1590 1636 1666 1711 δή
1694 1642 1881 1716 Μεγα-

295 1720 549 1797 κρέοντος
569 1720 764 1798 ανδρός
787 1722 1187 1799 Ἀβδηρίτεω”
1158 1748 1289 1786 επος
1316 1722 1374 1782 εὖ
1402 1723 1686 1799 εἰρημένον
1712 1726 1883 1808 ἐγένε-

291 1831 377 1877 το,
405 1834 465 1871 ος
501 1809 920 1886 συνεβούλευσε
957 1809 1365 1888 Ἀβδηρίτῃσι,
1376 1810 1649 1886 πανδημεὶ
1688 1810 1885 1873 αυτοῦς

291 1894 388 1953 καὶ
425 1898 688 1975 γυναῖκας
727 1896 992 1959 ἐλθόντας
1033 1902 1088 1960 ἐς
1126 1895 1198 1956 τοὶ
1240 1898 1511 1974 σφέτερα
1532 1896 1690 1974 ἶροὶ,ι
1672 1898 1885 1969 ἵζεσθαι

292 1980 476 2045 ἱκέτας
499 1986 610 2043 τῶν
649 1983 802 2058 θεῶν,
832 1986 1297 2061 παραιτεομένους
1324 1985 1415 2043 καὶ
1439 1984 1505 2046 τό
1530 1984 1734 2043 λοιπόν
1772 1990 1886 2061 σφι

293 2066 600 2145 ἀπαμύνειν
633 2074 744 2130 τῶν
778 2071 1042 2132 ἐπιόντων
1079 2076 1259 2131 κακῶν
1286 2071 1369 2131 'vd
1407 2072 1634 2148 ἦμίσεα·
1675 2074 1785 2137 τῶν
1823 2098 1885 2131 τε

291 2158 710 2241 παροιχομένων
749 2159 894 2239 ἔχειν
934 2165 1046 2234 σφι
1084 2156 1340 2239 μεγάλην
1377 2158 1555 2238 χάριν,
1583 2158 1669 2219 ὅτι
1706 2159 1757 2234 β
1761 2150 1885 2217 οισι-

289 2242 422 2308 λεῦς
457 2245 669 2323 ’Ξέρξης
707 2272 770 2305 ου
783 2246 893 2309 δὶς
936 2244 1175 2321 ἑκάστης
1214 2245 1424 2324 ημέρης
1461 2244 1687 2323 ἐνόμισε
1724 2248 1887 2335 σῖτον

289 2332 605 2409 αιρέεσθαι·
659 2334 924 2413 παρέχειν
964 2331 1075 2413 γὰρ
1132 2330 1201 2392 αν
1246 2331 1637 2411 Ἀβδηρίτῃσι,
1695 2331 1750 2393 εῗ
1778 2333 1887 2392 καὶ

291 2444 524 2495 αριστ-ον
561 2421 860 2498 προείρητο
899 2419 1068 2496 ὁμοῖα
1091 2423 1170 2499 τῷ
1195 2420 1407 2498 δείπνῳ·
1432 2420 1885 2497 παρασκευάζειν,

288 2502 331 2581 ἦ
376 2532 458 2583 μη
504 2506 798 2584 υπομένειν
839 2506 1050 2584 Ξέρξεα
1094 2507 1335 2577 ἐπιόντα,
1376 2506 1413 2583 ἦ
1458 2509 1885 2584 καταμείναντας

293 2592 530 2653 κάκιστα
567 2594 788 2654 πάντων
817 2593 1121 2671 ἀνθρώπων
1157 2595 1529 2671 διατριβῆναι.
1612 2594 1665 2653 οἶ
1687 2596 1792 2670 μὲν,
1818 2593 1887 2668 δή

211 2675 606 2753 ’””“πιεζόμενοι
644 2680 847 2755 ὁμοίως
883 2680 951 2739 τὰ
995 2682 1442 2759 ἐπιτασσόμενον
1482 2680 1786 2741 ἐπετέλεον.

202 2763 311 2821 121
415 2764 624 2871 Ξέρξης
661 2766 722 2823 δὲ
763 2772 824 2825 ἐκ
861 2769 962 2841 τῆς
985 2765 1277 2839 Ἀκάνθου,
1319 2768 1699 2844 ἐντειλάμενος
1735 2771 1887 2827 τοῖσι

293 2854 665 2927 στρατηγοῖσι
689 2852 788 2911 τὸν
815 2851 1070 2912 ναυτικὸν
1098 2854 1343 2929 στρατὸν
1365 2854 1659 2931 υπομένειν
1680 2860 1742 2929 ἐκ
1754 2855 1889 2931 Θέρ-

293 2959 392 3011 μῃ,
419 2934 600 3045 α’,πηκε
627 2936 720 2994 ἀπ’
749 2940 948 2995 ἑωυτοῦ
987 2937 1327 3015 πορεύεσθαι
1361 2939 1467 3019 τοὶς
1488 2941 1632 3003 νέας·
1654 2942 1890 3051 φ((ῶερμῃ

293 3018 356 3077 δὲ
386 3024 458 3097 τῇ
501 3026 558 3079 ἐν
596 3026 675 3098 τῶ
700 3023 956 3101 Θερμαίω
993 3023 1186 3111 κόλπω
1213 3014 1493 3103 οἰκημένῃ,
1523 3025 1618 3084 ἀπ’
1644 3025 1713 3102 ἦς
1739 3028 1830 3084 καὶ
1856 3054 1888 3085 ο

295 3104 505 3167 κόλπος
529 3104 693 3169 οὗτος
714 3132 818 3211 την
845 3102 1154 3185 ἐπωνυμίην
1194 3110 1353 3189 ἔχεν)
1386 3110 1569 3189 ταύτῃ
1594 3112 1702 3191 γὰρ
1732 3117 1890 3171 ἐπυν-

293 3186 494 3248 θάνετο
525 3191 951 3262 συντομώτατον
981 3194 1139 3253 εἶναι.
1218 3197 1387 3273 μέχρι
1424 3199 1529 3271 μὲν
1556 3196 1667 3276 ’γοὶρ
1693 3196 1889 3257 Ἀκάν-
