2192 3409
266 98 548 164 ται-129]
916 102 1228 153 o‘rpnm.
1763 102 1860 155 271

268 178 449 255 θύμως
474 180 793 242 συντίθεται
816 180 1126 257 προδοσίην
1149 179 1528 259 Τιμόξεινος”
1493 208 1528 243 ο
1556 184 1668 243 τῶν
1692 182 1864 246 Σκιω-

266 266 431 327 ναίων
470 268 804 349 στρατηγός·
852 267 1039 329 ὅντινα
1070 271 1178 344 μὲν
1211 268 1422 346 τρόπον
1460 267 1656 347 ἀρχὴν,
1693 270 1867 380 ἔγωγε

266 354 366 414 οὐκ
405 356 515 433 ἔχω
556 360 746 417 εἰπεῖν·
802 382 868 415 ου
907 382 1018 437 γαρ
1060 354 1136 417 ὧν
1175 357 1418 437 λέγεται·
1472 358 1636 421 τέλος
1673 357 1870 433 μέντοι

265 442 506 502 τοιάδε’
478 443 707 523 εγίνετο·
750 442 887 507 ὅκως
910 443 1164 520 βυβλίον
1188 442 1422 523 γράψειε
1457 441 1494 520 ἢ
1525 444 1862 520 Τιμόξεινος,

269 530 475 591 ἐθέλων
524 555 682 608 παρα
732 528 1087 607 Ἀρτάβαζον
1137 532 1374 608 πέμψαι,
1429 529 1466 607 ἣ
1518 530 1870 608 Ἀρτάβαζος

266 616 421 695 παρὰ
471 617 809 695 Τιμόξεινον,
859 616 1197 693 τοξεύματος
1243 618 1397 694 παρὰ
1441 618 1541 681 τὰς
1584 618 1866 699 γλυφίδας

267 702 697 783 περιειλίξαντες
722 706 817 765 καὶ
833 702 1219 817 πτερώσαντες
1235 731 1304 765 το
1329 706 1600 781 βυβλίον,
1617 706 1870 776 ἐτόξευον

270 799 325 857 ἐς
349 795 713 875 συγκείμενον
752 794 975 873 χωρίον.
1017 792 1283 857 ε’πάῖστος
1313 793 1374 853 δὲ
1407 793 1616 874 ε’γίνετο
1641 794 1674 855 ὁ
1699 793 1870 872 Τιμό·

270 881 443 951 ξεινος
493 880 785 957 προδιδοὺς
835 880 965 957 τήν
991 879 1319 940 Ποτίδαιαν·
1386 879 1638 950 τοξεύων
1671 908 1782 963 γαρ
1833 908 1870 941 ο

268 967 621 1077 Ἀρτάβαζος
647 974 703 1033 ἐς
726 994 795 1030 το
818 968 1201 1049 συγκείμενον,
1229 992 1490 1045 αμαρτων
1526 972 1628 1027 τοῦ
1662 970 1870 1047 χωρίου

270 1080 485 1129 τουτου,
528 1057 769 1131 βάλλει
784 1056 982 1135 ανδρος
1011 1055 1394 1131 Ποτιδαιήτεω
1426 1080 1528 1116 τον
1557 1082 1734 1133 ωμονι
1769 1082 1872 1117 τον

272 1143 652 1220 δὲβληθέντα
676 1134 1007 1221 περιέδραμε
1038 1142 1253 1221 ὅμιλος,
1282 1143 1373 1203 οἶα
1407 1144 1592 1220 φιλέει
1614 1144 1874 1225 γίνεσθαι

273 1236 333 1291 ἐν
384 1231 634 1311 πολέμω·
682 1232 736 1293 οἳ
788 1230 987 1293 αὐτίκα
1038 1257 1108 1291 το
1157 1230 1401 1308 τόξευμα
1451 1231 1746 1307 λαβόντες,
1801 1230 1873 1295 ὦς

272 1320 483 1397 ἔμαθον
520 1319 589 1380 τὰ
628 1321 899 1399 βυβλίον,
948 1321 1150 1397 ἔφερον
1195 1319 1286 1379 ἐπὶ
1331 1319 1459 1383 τούς
1504 1319 1870 1401 στρατηγούς·

271 1411 458 1485 παρῆν
502 1408 563 1467 δὲ
608 1434 701 1469 και
744 1434 857 1471 των
900 1406 1094 1469 αλλων
1137 1407 1514 1483 Παλληναίων
1553 1408 1872 1489 συμμαχίη·

272 1497 425 1555 τοῖσι
452 1495 511 1555 δὲ
536 1500 911 1577 στρατηγοῖσι
936 1495 1400 1572 ἐπιλεξαμένοισι·
1413 1495 1482 1557 τδ
1500 1496 1756 1572 βυβλίον
1780 1496 1876 1555 καὶ

273 1583 523 1657 μαθοῦσι
559 1582 876 1667 τόνᾼιῖτιον
914 1587 1016 1659 τῆς
1052 1583 1376 1659 προδοσίης,
1407 1583 1560 1654 ἔδοξε
1592 1583 1675 1661 μὴ
1709 1609 1874 1648 κατα-

274 1670 479 1739 πλέξαι
510 1670 835 1747 Τιμόξεινον
868 1670 1166 1749 προδοσίῃ,
1191 1675 1292 1747 τῆς
1331 1672 1642 1736 Σκιωναίων
1673 1671 1874 1734 πόλιος

278 1755 475 1835 εἵνεκα,
510 1756 592 1834 μή
634 1759 951 1835 νομιζοίατο
988 1758 1130 1819 εἶναι
1159 1761 1450 1823 Σκιωναῖοι
1489 1765 1544 1823 ἐς
1581 1759 1682 1821 τὸν
1717 1759 1872 1837 μετέ·-

276 1870 441 1906 πειτα
464 1845 670 1923 χρόνον
690 1846 797 1905 αἰεὶ
823 1846 1112 1925 προδόται·
1153 1874 1186 1907 ο
1213 1850 1316 1924 μὲν
1343 1847 1410 1923 δή
1436 1866 1667 1926 τοιουτω
1685 1846 1873 1926 τρόπω

278 1931 542 1997 ε’πάῖστος
578 1934 845 2016 ἐγεγόνεε.
928 1934 1260 2014 Ἀρταβάζῳ
1291 1935 1351 1995 δὲ
1391 1935 1578 2011 ε’πειδη
1605 1940 1847 2041 ἀ-ι-ολιορῖι
1854 1936 1968 1995 129

240 2064 245 2069 -
279 2022 459 2081 κέοντι
495 2022 827 2104 εγεγόνεσαν
860 2026 1008 2102 τρεῖς
1040 2027 1226 2101 μῆνες,
1258 2022 1470 2133 γίνεται
1504 2021 1754 2100 ἄμπωτις
1775 2025 1877 2098 τῆς

278 2092 576 2185 θαλασσης
612 2111 839 2191 μεγάλη
882 2112 975 2171 καὶ
1013 2110 1218 2189 χρόνον
1259 2109 1350 2169 ε’πὶ
1388 2109 1629 2169 πολλόν·
1671 2110 1877 2173 ἰδόντες

277 2196 337 2254 δὲ
363 2222 417 2255 οι
444 2197 739 2273 βάρβαροι
773 2199 1005 2278 τέναγος
1043 2195 1358 2275 γενόμενον,
1384 2196 1670 2272 παρήῖσαν
1695 2202 1750 2259 ἐς
1772 2195 1878 2270 τήν

279 2281 613 2356 Παλλήνην·
680 2282 751 2347 ὥς
790 2283 853 2343 δὲ
888 2282 991 2347 τὰς
1015 2282 1114 2342 δύο
1152 2286 1258 2359 μὲν
1296 2282 1494 2358 μοίρας
1533 2281 1876 2356 διοδοιπορή-

280 2392 471 2437 κεσαν,
497 2368 581 2427 ἔτι
616 2368 677 2428 δὲ
714 2373 863 2445 τρεῖς
901 2367 1267 2429 υπόλοιποι’
1229 2394 1398 2443 ησαν,
1422 2392 1524 2430 τας
1559 2366 1878 2433 διελθόντας

276 2458 424 2532 χρῆν
460 2455 573 2515 ἔσω
603 2455 743 2517 εἶναι
782 2460 841 2517 ἐν
874 2459 947 2534 τῇ
981 2456 1282 2534 Παλλήνῃ,
1309 2455 1522 2530 ε’πῆλθε
1557 2454 1880 2530 πλημμυρὶς

278 2548 378 2617 τῆς
420 2541 721 2618 θαλάσσης
757 2543 999 2625 μεγάλη,
1028 2542 1142 2619 ὅση
1183 2541 1402 2620 ουδιιμά
1441 2566 1534 2613 κω,
1563 2540 1634 2603 ὦς
1673 2567 1728 2600 οι
1765 2545 1875 2600 ε’πι-

277 2629 473 2707 χῶριοι
498 2631 753 2743 λέγουσι,
779 2632 1059 2697 πολλάκις
1081 2632 1494 2713 γινομένη.οἶ
1517 2631 1621 2705 μὲν
1647 2628 1716 2704 δή
1743 2627 1884 2687 νέειν

280 2716 461 2777 αυτῶν
482 2716 581 2778 οὐκ
602 2719 965 2797 ἐπιστάμενοι
984 2720 1385 2797 διεφθείροντο·
1425 2742 1556 2781 τους
1574 2717 1634 2777 δε
1654 2722 1882 2779 ἐπιστα-

278 2806 477 2882 μένους
504 2809 559 2866 οἷ
594 2808 962 2885 Ποτιδαιῆται
994 2806 1414 2871 ἐπιπλώσαντες
1445 2806 1704 2866 πλοίοισι
1731 2802 1882 2865 ‹in-6·

282 2898 480 2953 λεσαν.
562 2894 739 2954 αἴτιον
777 2895 839 2954 δε
876 2897 1114 2976 λέγουσι
1167 2922 1222 2956 οι
1275 2894 1644 2971 Ποτιδαιῆται
1679 2897 1781 2969 τῆς
1817 2917 1881 2952 τε

280 2983 477 3061 ῥηχίης
509 2983 601 3041 καὶ
628 2986 729 3058 τῆς
769 2985 1161 3061 πλημμυρίδος
1202 2985 1294 3043 καὶ
1331 2988 1432 3044 τοῦ
1466 2985 1751 3060 Περσικοῦ
1777 2979 1880 3039 πά·

282 3069 407 3132 θεος
432 3071 697 3151 γενέσθαι
718 3069 867 3142 τόδε,
894 3070 983 3133 ὅτι
1005 3076 1109 3135 τοῦ
1137 3071 1518 3135 Ποσειδέωνος
1543 3077 1597 3135 ές
1623 3068 1722 3130 rav
1747 3065 1884 3143 νηὸν

285 3156 379 3217 καὶ
399 3156 466 3217 τὰ
492 3156 725 3239 ἅγαλμα
748 3158 816 3219 τό
844 3164 903 3221 ἐν
937 3162 1015 3239 τῷ
1048 3162 1366 3240 προαστείῳ
1396 3160 1703 3236 ἠσέβησαν
1727 3152 1884 3219 οὗτοι

284 3245 393 3303 τῶν
458 3246 725 3323 Περσέων
781 3248 975 3327 τοίπερ
1040 3250 1133 3309 καὶ
1184 3248 1571 3327 διεφθάρησαν
1621 3244 1732 3306 ὖπό
1780 3246 1884 3318 ‘⁸⁷35
