2192 3409
323 124 386 169 96
911 119 1304 181 :npvo'ruw
1792 119 1922 184 [VI.

323 198 383 261 δέ
408 202 518 259 τῶν
545 198 981 277 ἐπισπαστήρων
1007 200 1207 278 εἴχετο·
1248 201 1303 257 οἶ
1328 198 1403 267 δὲ,
1431 198 1557 257 ἐπεί
1576 199 1643 257 τέ
1662 224 1761 273 μιν
1786 196 1925 259 α’πο·

323 286 543 348 σπάσαι
581 289 680 348 οὐκ
715 288 828 347 οἷοί
847 312 910 369 τε
937 286 1275 350 ἀπέλκοντες
1310 287 1574 366 ἐγίνοντο,
1600 285 1925 365 ἀποκόψαν-

318 401 409 439 τες
452 376 619 436 αὐτοῦ
663 376 762 439 τὰς
804 380 993 455 χεῖρας
1035 375 1177 455 ἦγον
1220 374 1380 433 οὕτω·
1422 377 1604 453 χεῖρες
1646 373 1706 431 δὲ
1748 378 1925 434 κεῖναι

227 466 304 522 92
329 466 698 540 ἐμπεφυκυῖαι
724 462 874 537 ἦσαν
897 466 1051 524 τοῖσι
1077 466 1524 538 ἐπισπαστῆρσι.
1606 464 1795 521 Ταῦτα
1817 462 1925 539 μέν

332 577 431 610 νυν
455 551 640 625 σφέας
665 549 864 613 αὐτοῦς
891 552 943 609 οἶ
970 553 1262 631 Αἰγινῆται
1294 549 1624 630 ἐργάσαντο·
1664 547 1925 625 Ἀθηναί-

329 662 446 696 οισι
501 637 562 696 δὲ
615 635 818 713 ἥκουσι
864 636 1260 716 ἐναυμάχησαν
1306 637 1471 712 νηυσὶ
1514 635 1923 714 ἐβδομήκοντα·

325 724 666 787 ἑσσωθέντες
719 724 780 783 δὲ
835 728 906 803 τῇ
962 726 1242 804 ναυμαχίῃ
1290 725 1657 785 ἐπεκαλέοντο
1696 724 1927 791 τούτους

327 810 530 875 αὐτοῦς
563 811 692 874 τοῦς
739 811 831 871 καὶ
877 811 1167 889 πρότερον,
1207 811 1511 893 Ἀργείους·
1554 812 1647 871 καὶ
1694 810 1763 888 δή
1810 820 1926 889 σφι

325 896 480 959 οὗτοι
518 901 623 977 μὲν
667 898 850 959 σῦκέτι
883 900 1212 975 βοηθέουσι,
1254 899 1609 977 μεμφόμενοι
1642 898 1732 959 ὅτι
1768 904 1923 981 Αἰγι-

324 991 474 1046 ναῖαι
500 989 616 1051 νέες
637 986 853 1069 ἀνάγκῃ
872 988 1231 1064 λαμφθεῖσαι
1254 986 1367 1047 dora
1382 987 1731 1063 Κλεομένεος
1750 988 1925 1067 ἔσχον

323 1102 386 1135 τε
415 1081 468 1141 ἐς
492 1076 596 1153 τήν
619 1074 928 1157 Ἀργολίδα
951 1075 1139 1155 χώρην
1180 1076 1272 1135 καὶ
1310 1074 1719 1150 συναπέβησαν
1742 1082 1924 1135 Λακε-

327 1164 684 1241 δαιμονίοισι.
765 1164 1177 1240 συναπέβησαν
1218 1163 1277 1222 δὲ
1325 1163 1417 1221 καὶ
1462 1160 1574 1221 α’,πὸ
1618 1164 1923 1225 Σικυωνίων

327 1256 464 1311 νεῶν
505 1252 698 1331 ανδρες
730 1256 803 1332 τῇ
837 1252 982 1331 αὐτῇ
1015 1251 1189 1329 ταύτῃ
1230 1252 1477 1327 ἐσβολῇ.
1560 1251 1658 1309 καί
1692 1250 1861 1326 σφι
1828 1249 1921 1309 υπ’

322 1338 587 1421 Ἀργείων
630 1341 926 1417 ἐπεβλήθη
971 1340 1159 1416 ζημίη,
1194 1340 1355 1418 χίλια
1393 1337 1646 1398 τάλαντα
1686 1339 1920 1410 ἐκτίσαι,

323 1428 666 1488 πεντακόσια
693 1430 996 1505 ἑκατέρους.
1081 1426 1370 1491 Σικυώνιοι
1394 1427 1501 1502 μέν
1530 1450 1627 1487 νυν
1652 1426 1922 1540 συγγνόν-

324 1538 415 1575 τες
439 1513 718 1590 αδικῆσαι,
749 1513 1199 1595 ὦμολόγησαν,“
1174 1514 1369 1575 εκατόν
1391 1512 1696 1573 τάλαντα’
1670 1516 1921 1574 εκτίσαν·

321 1624 429 1669 τες,
478 1600 702 1677 α’ζήμιοι
755 1601 913 1661 εἶναι·
995 1606 1291 1683 Αἰγινῆται
1336 1602 1397 1661 δὲ
1452 1598 1579 1661 οὔτε
1631 1601 1921 1681 συνεγινῶ·

326 1713 533 1748 σκοντο
558 1687 708 1763 ἦσάν
733 1713 796 1748 τε
821 1688 1237 1766 αὐθαδέστεροι.
1296 1689 1387 1749 διὰ
1412 1687 1481 1764 δὴ
1508 1687 1582 1747 ὧν
1608 1694 1723 1763 σφι
1745 1693 1922 1750 ταῦτα

327 1775 639 1851 δεομένοισι
683 1775 794 1835 ἀπὸ
836 1802 941 1852 μεν
977 1780 1079 1837 τοῦ
1124 1778 1399 1853 δημοσίου
1440 1775 1615 1839 οὐδεὶς
1656 1774 1923 1886 Αργείων

327 1863 409 1921 ἔτι
449 1863 698 1938 ἐβοήθεε,
736 1863 1023 1923 ἐθελονταὶ
1061 1865 1177 1924 δὲ’
1150 1890 1206 1928 ες
1230 1866 1465 1943 χιλίους·
1506 1864 1609 1943 ἦγε
1634 1863 1695 1921 δὲ
1722 1889 1921 1929 αυτους

326 1949 644 2029 στρατηγὸς
683 1947 824 2027 οἷνηρ
863 1948 907 2029 ᾧ
945 1949 1158 2026 οὔνομα
1198 1951 1546 2029 Ευρυβάτης,
1579 1950 1921 2011 πεντάεθλον

327 2036 673 2111 ἐπασκήσας.
753 2037 961 2098 τούτων
1003 2042 1058 2099 οἱ
1098 2043 1333 2102 πλεῦνες
1378 2038 1479 2099 οὐκ
1526 2038 1923 2116 ἀπενόστησαν

325 2121 527 2193 ὀπίσω,
567 2123 700 2183 ἀλλ’
727 2125 1094 2201 ἐτελεύτησαν
1134 2126 1225 2187 ὐπ’
1258 2126 1563 2202 Ἀθηναίων
1604 2131 1662 2187 ἐν
1700 2126 1920 2206 Αἰγίνῃ·

327 2210 493 2275 αὐτὰς
517 2210 578 2271 δὲ
603 2212 636 2273 ὁ
663 2213 980 2293 στρατηγὸς
1003 2212 1355 2291 Εὐρυβάτης,
1380 2214 1765 2292 μουνομαχίην
1790 2219 1922 2272 ἐπα-

327 2301 521 2371 σκέων,
548 2304 695 2379 τρεῖς
718 2302 822 2378 μὲν
859 2300 1060 2378 ἄνδρας
1081 2301 1273 2380 τρόπῳ
1298 2299 1529 2381 τοιούτῳ
1570 2301 1781 2370 κτείνει,
1809 2300 1920 2362 ὖπὸ

329 2388 387 2447 δὲ
410 2393 512 2449 τοῦ
531 2388 796 2466 τετάρτου
815 2388 1113 2465 Σωφάνεος
1136 2393 1239 2450 τοῦ
1267 2388 1541 2454 Δεκελέος
1556 2387 1919 2464 ἀποθνήσκει.

233 2477 308 2533 93
330 2480 624 2555 Αἰγινῆται
638 2477 698 2535 δὲ
724 2481 880 2535 ἐοῦσι
905 2476 1200 2537 ἀτάκτοισι
1225 2475 1575 2552 Ἀθηναίοισι
1592 2474 1921 2553 συμβαλόν-

327 2588 417 2625 τες
442 2567 577 2639 τῇσι
609 2564 776 2639 νηυσὶ
817 2564 1096 2639 ἐνίκησαν·
1142 2564 1240 2623 καί
1268 2568 1462 2640 σφεων
1489 2564 1615 2627 νέας
1649 2564 1923 2639 τέσσερας

327 2648 548 2708 αυτοῖσι
575 2650 812 2727 ἀνδράσι
841 2651 1011 2710 ειλον.

233 2738 310 2794 94
409 2734 759 2812 Ἀθηναίοισι
797 2741 900 2816 μὲν
930 2738 998 2813 δὴ
1033 2738 1285 2816 πόλεμος
1318 2743 1573 2815 συνῆπτο
1599 2728 1741 2816 πρὸς
1767 2742 1921 2819 Αἰγι-

330 2822 513 2899 νήτας
596 2823 629 2883 0‘
664 2825 723 2883 δὲ
759 2826 988 2901 Πέρσης
1021 2851 1088 2885 το
1129 2829 1328 2886 ἑωυτοῦ
1372 2827 1566 2897 ἐποίεε,
1606 2825 1753 2887 ὥστε
1794 2826 1923 2886 α’να-

326 2910 738 2990 μιμνήσκοντός
760 2937 823 2970 τε
849 2912 955 2969 αἰεὶ
979 2917 1079 2970 τοῦ
1110 2912 1447 2989 θεράποντος
1471 2914 1794 2991 μεμνῆσθαι
1824 2939 1923 2989 μιν

333 3002 440 3057 τῶν
478 2998 800 3073 Ἀθηναίων,
847 2998 937 3056 καὶ
983 3000 1491 3075 Πεισιστρατιδέων
1530 3000 1919 3075 προσκατημέ-

329 3108 435 3142 νων
477 3085 569 3141 καὶ
609 3083 1036 3158 διαβαλλόντων
1074 3082 1417 3158 Ἀθηναίους,
1454 3084 1572 3161 ἅμα
1615 3084 1675 3143 δὲ
1709 3086 1921 3162 βουλό-

328 3192 494 3239 μενος
535 3169 566 3229 ὁ
604 3172 856 3244 Δαρεῖος,
899 3168 1104 3244 ταύτης
1149 3169 1410 3247 ἐχόμενος
1444 3176 1547 3244 τῆς
1580 3170 1921 3247 προφάσιος,

331 3254 820 3328 καταστρέφεσθαι
846 3257 947 3327 τῆς
971 3254 1251 3317 Ἑλλάδος
1277 3256 1403 3317 τούς
1427 3256 1507 3330 μὴ
1536 3256 1734 3317 δόντας
1774 3255 1922 3334 αὐτῷ
