2192 3409
317 97 534 162 58—61]
995 99 1223 150 Eum.
1845 103 1905 151 81

315 177 485 240 ‹swas-
512 178 604 237 καὶ
628 180 782 237 τοῖσι
807 178 1167 256 βαρβάροισι
1193 182 1345 238 τοῖσι
1382 181 1441 239 ἐν
1469 180 1542 258 τῇ
1571 176 1759 257 Ἀσίῃ·
1801 184 1912 240 τῶν

311 266 423 359 γάρ
453 264 524 323 ὧν
550 264 865 341 βαρβάρων
893 270 944 325 οἶ
971 270 1203 330 πλεῦνες
1241 268 1319 344 τῷ
1360 264 1507 344 αυτῷ
1536 266 1685 378 νόμω
1710 267 1911 376 χρέων·

313 378 404 411 ται
451 353 590 411 κατοὶ
632 380 761 417 τους
800 352 1069 417 θανάτους
1109 358 1219 414 τῶν
1254 354 1564 429 βασιλέων·
1601 354 1766 413 ε’πεοὶν
1798 381 1909 435 γαρ

313 439 568 518 α’ποθάνῃ
595 440 877 517 βασιλευς
895 440 1415 517 Λακεδαιμονίων,’
1388 467 1449 501 εκ
1476 441 1663 517 πάσης
1690 442 1773 499 δεῖ
1794 449 1908 501 Λα-

315 528 651 605 κεδαίμονος,
678 530 846 608 χωρὶς
875 530 1279 607 Σπαρτιητέων,
1307 528 1521 609 ἀριθμῷ
1555 533 1665 589 τῶν
1704 532 1908 607 περιοί-

314 642 420 675 κων
448 615 832 698 οἶναγκαστοῦς
858 622 914 681 ἐς
937 616 1006 677 r&
1032 618 1198 692 κῆδος
1226 618 1379 677 ἰέναι.
1459 617 1667 677 τούτων
1708 616 1781 677 ὧν
1818 619 1911 678 καὶ

311 708 420 763 τῶν
463 705 727 764 εἱλωτέων
773 705 864 762 καὶ
905 703 1084 765 αὐτῶν
1127 704 1516 781 Σπαρτιητέων
1562 706 1728 765 ἐπεσῖν
1770 710 1910 765 συλ-

313 792 590 869 λεχθέωσι
635 797 688 855 ἐς
722 790 898 852 ταῖυτό
934 792 1150 851 πολλαὶ
1183 791 1448 871 χιλιάδες,
1484 792 1741 874 σύμμιγα
1774 798 1910 871 τῇσι

310 878 529 957 γυναιξὶ
566 878 872 941 κόπτονταί
899 904 963 939 τε
993 877 1073 938 τοὶ
1109 878 1339 953 μέτωπα
1370 877 1667 955 προθύμως
1705 880 1795 938 καὶ
1832 884 1909 940 οἶ-

310 990 470 1045 μωγῃ
517 966 874 1077 διαχρέωνται
921 966 1166 1025 ἆπλέτω·
1221 965 1462 1042 φάμενοι
1512 992 1611 1027 τον
1663 966 1909 1031 ὕστατον

313 1054 419 1110 αἰεὶ
443 1051 854 1135 ἀπογενόμενον
876 1058 986 1114 τῶν
1010 1054 1303 1130 βασιλέων
1326 1057 1523 1115 τοῦτον
1550 1054 1618 1129 δή
1644 1057 1907 1134 γενέσθαι

312 1165 562 1215 αριστον.
606 1169 672 1203 υς
697 1141 796 1201 δ’*
764 1169 832 1201 αν
853 1148 911 1202 ἐν
937 1142 1167 1220 πολέμῳ
1185 1145 1296 1201 τῶν
1320 1142 1610 1218 βασιλέων
1631 1142 1903 1221 ἀποθάνῃ,

312 1225 486 1306 τούτῳ
513 1228 572 1303 δὲ
599 1230 824 1289 εἴδωλον
850 1227 1225 1292 σκευάσαντες
1245 1234 1303 1288 ἐν
1321 1229 1480 1307 κλίνῃ
1508 1228 1567 1287 εὖ
1588 1232 1907 1309 ἐστρωμένῃ

314 1316 629 1391 ἐκφέρουσι·
677 1316 844 1376 ἐπεᾶν
885 1317 946 1376 δὲ
987 1316 1228 1395 θάψωσι,
1267 1315 1445 1396 οἷγορή
1488 1316 1619 1375 δέκα
1660 1315 1905 1393 ἡμερέων

315 1401 411 1461 οὔκ
440 1403 670 1465 ἵσταταί
689 1411 801 1480 σφι
829 1403 941 1464 οὐδ’
970 1404 1301 1482 ἀρχαιρεσίη
1332 1404 1557 1473 συνίζει,
1586 1404 1741 1463 ἀλλᾶ
1771 1432 1897 1466 πεν-

314 1490 504 1549 θέουσι
539 1490 742 1553 ταύτας
774 1492 875 1553 τὰς
907 1490 1135 1568 ἡμέρας.
1221 1491 1611 1567 Συμφέρονται
1653 1492 1711 1549 δὲ
1756 1492 1903 1552 ἄλλο
1920 1498 1997 1553 59

311 1577 436 1635 τόδε
471 1582 626 1637 τοῖσι
662 1580 944 1691 Πέρσῃσι.
1029 1578 1197 1639 ἐπεὰν
1240 1577 1615 1643 ἀποθανόντος
1656 1585 1755 1640 τοῦ
1791 1582 1897 1658 βα-

312 1666 504 1726 σιλέος
556 1664 732 1728 ἄλλος
777 1669 1060 1743 ἐνίστηται
1106 1665 1401 1743 βασιλευς,
1452 1664 1613 1730 οὗτος
1658 1696 1689 1728 ο
1738 1670 1904 1731 ἐσιων

312 1753 666 1829 ἐλευθεροῖ”
635 1754 790 1818 οστις
830 1780 885 1815 τι
923 1755 1311 1832 Σπαρτιητέων
1350 1758 1427 1832 τῷ
1471 1756 1785 1830 βασιλέϊ*
1751 1783 1788 1833 η
1826 1761 1905 1838 τῷ

310 1838 558 1919 δημοσίῳ
588 1840 814 1917 ωφειλε·
855 1848 913 1902 ἐν
949 1841 995 1901 δ’
1027 1841 1391 1921 αὗοΠέρο-ῃσι
1430 1841 1463 1902 ὁ
1506 1846 1902 1921 κατιστάμενος

307 1928 583 2003 βασιλευς
606 1930 705 1990 τὸν
729 1930 1256 2008 προσοφειλόμενον
1284 1929 1463 2006 φόρον
1482 1933 1656 2007 μετίει
1677 1933 1901 2011 πάσῃσι

307 2018 440 2091 τῇσι
464 2016 684 2077 πόλισι.
761 2019 1156 2094 Συμφέρονται
1183 2018 1243 2076 δὲ
1269 2017 1360 2077 καὶ
1384 2016 1516 2077 τάδε
1544 2023 1901 2099 Αἰγυπτίοισι
1918 2024 1993 2081 60

306 2104 846 2181 Λακεδαιμόνιοι·οἱ
889 2105 1116 2181 κήρυκες
1160 2132 1338 2165 αυτων
1386 2105 1477 2164 καὶ
1526 2106 1763 2184 αὐληταὶ
1812 2110 1903 2168 καὶ

303 2189 558 2271 μάγειροι
587 2194 900 2253 ἐκδέκονται
923 2194 1024 2255 τοῖς
1049 2193 1327 2270 πατρωΐας
1362 2195 1575 2272 τέχνας,
1605 2197 1697 2255 καὶ
1732 2197 1900 2273 αυλη-

302 2275 402 2351 τής
425 2305 487 2338 τε
514 2278 766 2354 αυλητέω
799 2280 1025 2360 γίνεται,
1055 2282 1147 2339 καὶ
1186 2280 1451 2362 μάγειρος
1481 2284 1765 2361 μαγείρου,
1804 2284 1897 2343 καὶ

304 2363 480 2440 κήρυξ
520 2366 772 2441 κήρυκος·
817 2393 880 2426 ου
925 2394 1064 2428 κατα
1101 2369 1545 2445 λαμπροφωνίην
1587 2372 1899 2446 ἐπιθέμενοι

302 2449 474 2511 ἄλλοι
519 2455 703 2529 σφέας
743 2456 1175 2532 παρακληὶουσι,
1214 2454 1373 2514 αλλα
1406 2453 1544 2514 nard
1580 2480 1651 2515 τα
1693 2456 1899 2533 πάτρια

302 2542 672 2601 ἐπιτελέουσι.
752 2548 926 2604 ταῦτα
951 2547 1054 2621 μὲν
1081 2544 1151 2620 δή
1179 2542 1318 2605 οὕτω
1343 2543 1572 2623 γίνεται.

382 2628 522 2688 Τότε
565 2630 625 2690 δὲ
665 2632 764 2693 τὸν
791 2633 1132 2709 Κλεομένεα,
1166 2630 1325 2691 ἐόντα
1370 2634 1427 2689 ἐν
1466 2634 1538 2708 τῇ
1564 2631 1765 2711 Αἰγίνῃ
1801 2632 1893 2693 καὶ
1916 2635 1987 2692 61

303 2716 456 2774 κοινοὶ
489 2722 560 2797 τῇ
587 2718 824 2779 Ἐλλάδι
859 2718 1044 2801 α’,γαθοῖ
1071 2716 1610 2797 προσεργαζόμενον,
1642 2717 1673 2777 ὅ
1704 2722 1897 2797 Δημά-

297 2826 466 2877 ρητος
503 2806 754 2882 διέβαλε,
788 2808 888 2868 οὐκ
924 2807 1259 2890 Αἰγινητέων
1302 2804 1443 2865 οὕτω
1486 2807 1785 2884 κηδόμενος
1828 2809 1899 2872 ὥς

301 2890 492 2971 φθόνῳ
518 2897 610 2953 καὶ
637 2894 747 2975 ἄγῃ
773 2897 1098 2975 χρεώμενος.
1176 2896 1502 2971 Κλεομένης
1528 2895 1587 2953 δὲ
1614 2897 1898 2971 νοστήσας

299 2975 395 3035 ἄπ’
433 2984 661 3061 Αἰγίνης
704 2985 970 3059 ἐβούλευε
1009 2984 1109 3045 τὸν
1154 2982 1493 3060 Δημάρητον
1534 2987 1751 3042 παῦσαι
1793 2988 1893 3060 τῆς

297 3064 627 3145 βασιληιης,
667 3071 757 3131 δια
796 3077 1030 3152 πρῆγμα
1071 3071 1286 3133 τοιόνδε
1331 3071 1600 3146 ἐπίβασιν
1642 3076 1696 3133 ἐς
1730 3098 1898 3131 αυτον

297 3154 637 3233 ποιεύμενος·
679 3158 973 3237 Ἀρίστωνι
1015 3158 1383 3235 βασιλεύοντι
1426 3162 1483 3217 ἐν
1527 3158 1758 3238 Σπάρτῃ
1804 3160 1895 3219 καὶ

297 3238 540 3323 γήμαντι
579 3251 838 3325 γυναῖκας
881 3246 978 3305 δύο
1021 3246 1211 3307 παῖδες
1248 3268 1347 3301 ουκ
1388 3244 1651 3325 ἐγίνοντο·
1694 3274 1787 3306 και
1830 3244 1893 3307 013
