2192 3409
292 62 508 126 95—98]
925 62 1232 114 οτΡΑΝῙΑ.
1785 65 1882 119 257

290 143 391 204 τόν
414 169 477 201 τε
502 141 889 249 ἅλλονΐάντα
921 143 1021 203 τὸν
1054 144 1184 219 περὶ
1213 146 1314 219 τῆς
1344 142 1652 222 ναυμαχίης
1682 143 1882 220 ταύτης

293 230 578 307 εἰρημένον
605 230 803 289 Βακιδι
836 231 928 289 καὶ
960 231 1252 309 Μουσαίῳ,
1293 230 1384 289 καὶ
1416 231 1482 306 δή
1518 232 1608 289 καὶ
1647 229 1787 289 κατοὶ
1813 232 1887 291 τοὶ

291 317 525 398 ναυήγια
570 317 641 377 ταῖ
680 318 851 395 ταύτῃ
894 318 1264 397 ἐξενειχθέντα
1302 318 1368 377 ‘ro'
1413 319 1695 395 εἰρημένον
1747 323 1885 377 πολ-

290 410 449 465 λοῖσι
470 407 620 465 ἔτεσι
644 404 915 483 πρότερον
940 405 1147 465 τούτων
1173 411 1232 465 ἐν
1255 410 1495 484 χρησμῷ
1514 400 1888 485 Λυσιστράτῳ

293 494 581 572 Ἀθηναίῳ,
622 492 780 570 οἷνδρὶ
818 492 1218 574 χρησμολόγῳ,
1258 493 1324 553 τὸ
1367 492 1630 569 ἐλελήθεε
1675 493 1888 557 πάντας

291 580 417 645 τούς
432 581 739 657 Ἕλληνας·

520 679 768 727 Κωλιάδες
802 679 854 726 δὲ
884 679 1104 739 γυναῖκες
1137 679 1376 740 ἐρετμοῖσι
1407 681 1650 742 φρύξουσι.

291 757 457 815 τοῦτο
482 756 542 815 δὲ
568 758 772 832 ἔμελλε
797 754 1188 819 ἀπελάσαντος
1211 757 1490 832 βασιλέος
1516 759 1767 818 ἔσεσθαι.

374 844 583 921 Ξέρξης
612 844 671 902 δὲ
709 842 779 907 ὥς
816 844 986 919 ἔμαθε
1021 844 1085 902 τό
1113 842 1342 923 γεγονὸς
1368 844 1562 914 πάθος,
1591 845 1780 907 δείσας
1805 846 1886 923 μή
1903 848 1979 907 97

291 956 376 993 τις
425 936 535 991 τῶν
579 930 775 992 Ἰώνων
819 930 1098 1006 ὑποθῆται
1137 934 1290 990 τοῖσι
1327 930 1598 1007 Ἕλλησι,
1646 930 1683 1007 ἦ
1730 932 1887 992 αὐτοὶ

294 1018 562 1093 νοήσωσι,
588 1019 780 1078 πλέειν
816 1024 870 1081 ἐς
895 1018 995 1079 τὸν
1018 1017 1449 1093 Ἑλλήσποντον
1485 1018 1753 1082 λύσοντες
1786 1020 1886 1083 τοὶς

294 1105 558 1185 γεφύρας,
588 1107 679 1165 καὶ
704 1106 1099 1183 ἀπολαμφθεὶς
1125 1112 1182 1166 ἐν
1207 1110 1280 1185 τῇ
1305 1106 1544 1185 Εύρῶπῃ
1571 1106 1888 1167 ἀπολέσθαι

294 1193 646 1264 κινδυνεύσει,
672 1194 926 1271 δρησμὸν
958 1195 1243 1269 ἐβούλευε·
1287 1196 1464 1254 θέλων
1496 1195 1555 1253 δὲ
1589 1194 1669 1271 μή
1703 1195 1887 1270 ἐπίδη-

293 1285 395 1345 λος
426 1283 565 1342 εἶναι
598 1282 742 1360 μήτε
774 1286 929 1342 τοῖσι
945 1282 1200 1359 Ἕλλησι
1233 1281 1375 1359 μήτε
1407 1286 1560 1342 τοῖσι
1587 1287 1802 1352 ἑωυτοῦ,
1833 1288 1888 1345 ἐς

290 1370 394 1445 τήν
431 1373 728 1450 Σαλαμῖνα
761 1375 927 1450 χῶμα
968 1374 1224 1448 ἐπειρᾶτο
1263 1370 1508 1449 διαχοῦν·
1555 1370 1796 1451 γαυλούς
1825 1397 1888 1430 τε

291 1460 634 1534 Φοινικηίους
673 1460 913 1528 συνέδεε,
960 1460 1047 1517 ἵνα
1089 1457 1218 1519 οἷντί
1251 1484 1314 1519 τε
1356 1459 1582 1537 σχεδίης
1627 1460 1759 1517 ἔωσι
1795 1458 1887 1516 καὶ

291 1545 523 1623 τείχεος·
576 1545 801 1623 ἀρτέετό
832 1572 895 1606 τε
926 1551 981 1609 ἐς
1020 1545 1287 1623 πόλεμον,
1330 1546 1400 1611 ὥς
1437 1548 1746 1627 ναυμαχίην
1785 1544 1886 1605 ἄλ-

292 1635 403 1708 λην
433 1635 824 1711 ποιησόμενος.
880 1633 1134 1710 ὁρέοντες
1167 1634 1230 1695 δέ
1261 1660 1358 1711 μιν
1394 1633 1596 1699 πάντες
1631 1638 1684 1695 οἱ
1715 1633 1887 1693 ἄλλοι

292 1723 473 1780 ταῦτα
508 1720 859 1798 πρήσσοντα,
890 1720 949 1781 εὖ
981 1724 1278 1783 ἐπιστέατο
1316 1722 1386 1785 ὦς
1421 1728 1480 1781 ἐκ
1515 1720 1720 1786 παντός
1755 1721 1886 1782 νόου

294 1810 750 1886 παρεσκεύασται
800 1811 977 1888 μένων
1033 1810 1399 1887 πολεμήσειν·
1468 1810 1787 1887 Μαρδόνιον
1838 1810 1886 1869 δ’

294 1896 451 1956 οὐδὲν
483 1897 689 1959 τούτων
721 1899 1001 1968 ἐλάνθανε,
1030 1898 1101 1961 ὥς
1132 1898 1387 1974 μάλιστα
1429 1900 1688 1976 ἔμπειρον
1725 1896 1886 1957 ἐόντα

292 1987 394 2059 τῆς
421 1986 625 2045 ἐκείνου
652 1986 911 2062 διανοίης.

372 2072 561 2133 Ταῦτά
608 2099 672 2134 τε
726 2070 843 2150 ἅμα.
894 2074 1106 2149 Ξέρξης
1159 2074 1353 2146 ἐποίεε,
1410 2075 1500 2132 καὶ
1565 2076 1775 2151 ἔπεμπε
1833 2080 1887 2135 ἐς
1904 2075 1981 2132 98

293 2161 523 2237 Πέρσας
558 2161 903 2240 ἀγγελέοντα
933 2159 1037 2236 τήν
1070 2159 1390 2237 παρεοῦσάν
1423 2168 1534 2236 σφι
1565 2159 1886 2237 συμφορήν.

291 2248 499 2307 τούτων
552 2248 611 2306 δὲ
661 2252 771 2307 τῶν
824 2247 1079 2328 ἀγγέλων
1106 2249 1244 2308 ,ἔστι
1285 2247 1444 2309 ούδέν
1489 2247 1521 2307 ὅ
1566 2273 1622 2306 τι
1665 2247 1887 2306 θάσσον

292 2336 655 2415 παραγίνεται
691 2334 891 2411 θνητόν
926 2334 1035 2393 ε’όν·
1078 2334 1220 2398 οὕτω
1253 2340 1406 2396 τοῖσι
1443 2336 1706 2413 Πέρσῃσι
1743 2334 1886 2404 ἐξεύ-

290 2448 457 2499 ρηται
496 2426 681 2482 τοῦτο.
762 2423 997 2502 λέγουσι
1026 2423 1150 2504 γὰρ,
1191 2424 1261 2488 ὦς
1292 2423 1441 2483 ὅσων
1471 2421 1540 2482 ἂν
1573 2421 1612 2501 ᾗ
1642 2422 1888 2499 ἡμερέων

292 2510 334 2585 ἦ
359 2516 521 2569 πᾶσα
545 2510 689 2581 ὁδὸς,
716 2514 979 2570 τοσοῦτοι
1006 2512 1167 2571 ἵπποι
1191 2537 1254 2572 τε
1280 2512 1372 2570 καὶ
1397 2510 1587 2587 ἄνδρες
1613 2510 1886 2579 διεστᾶσι,

295 2599 435 2658 κατὰ
473 2599 787 2677 η’μερησίην
831 2599 963 2660 ὁδὸν
1007 2599 1248 2676 ἑκάστην
1293 2599 1460 2661 ἵππος
1500 2624 1562 2658 τε
1609 2600 1700 2657 καὶ
1747 2597 1886 2674 οἷνήρ

293 2688 644 2767 τεταγμένος·
710 2686 840 2751 τούς
892 2687 1017 2748 οὔτε
1070 2688 1310 2763 νιφετὸς,
1367 2685 1466 2746 ούκ
1530 2685 1761 2765 ὄμβρος,
1822 2686 1888 2745 ού

295 2779 495 2852 καῦμα,
534 2776 600 2835 ού
640 2776 741 2845 νύξ
780 2777 954 2856 ἐέργει
983 2776 1062 2851 μή
1099 2775 1163 2835 οὗ
1198 2774 1502 2835 κατανύσαι
1536 2775 1638 2834 τόν
1667 2775 1885 2850 προκεί-

294 2888 461 2937 μενον
488 2867 667 2942 ἑαωτῷ
690 2862 896 2940 δρόμον
913 2863 1017 2938 τήν
1035 2863 1330 2942 ταχίστην.
1389 2860 1422 2920 ὁ
1447 2863 1551 2936 μὲν
1577 2862 1644 2935 δὴ
1672 2866 1887 2936 πρῶτος

296 2949 516 3027 δραμών
550 2951 847 3029 παραδιδοῖ
873 2950 943 3009 τοὶ
984 2950 1353 3025 ἐντεταλμένα
1386 2952 1463 3024 τῷ
1499 2948 1742 3023 δευτέρῳ,
1771 2946 1802 3004 ὁ
1829 2946 1888 3003 δὲ

245 3055 257 3067 ·
298 3038 543 3115 δεύτερος
574 3044 655 3119 τῷ
682 3040 867 3116 τρίτῳ·
907 3036 975 3097 τὰ
1012 3036 1070 3094 δὲ
1109 3037 1356 3095 ἐνθεῦτεν
1388 3032 1494 3108 ἤδη
1529 3031 1670 3091 κατὰ
1707 3031 1890 3089 ἄλλον

300 3124 631 3205 διεξέρχεται
662 3124 1089 3202 παραδιδόμενα,
1122 3120 1365 3198 κατάπερ
1383 3119 1638 3195 Ἕλλησι
1669 3116 1709 3193 ἦ
1744 3122 1888 3193 λαμ-

299 3212 641 3292 παδηφορίη,
688 3211 789 3287 τήν
828 3213 905 3288 τῷ
940 3208 1245 3285 ςΗφαίσϊῳ
1279 3207 1642 3271 ἐπιτελέουσι.
1723 3208 1888 3265 τοῦτο
