2192 3409
275 109 353 167 85,
383 106 470 171 86]
959 106 1185 153 ΕΡΑΤΩ.
1806 108 1871 153 93

274 184 631 248 ἀποδιδόντες
676 185 892 245 ποιέετε
936 184 1086 255 ὅσια,
1137 185 1229 244 καὶ
1273 210 1355 261 μη
1404 184 1755 249 ἀποδιδόντες
1802 185 1874 246 vd

275 274 494 335 ἐναντία
519 272 745 334 τούτων·
787 272 973 333 ὄκοῖον
996 275 1188 350 μέντοι
1214 299 1271 334 τι
1298 278 1356 333 ἐν
1380 277 1451 351 τῇ
1478 272 1708 351 Σπάρτῃ
1742 299 1871 332 συν-

274 361 504 441 ηνείχθη
543 361 812 441 γενέσθαι
857 362 986 437 περὶ
1027 360 1368 437 παραθήκης,
1410 360 1699 438 βούλομαι
1743 360 1874 437 ὑμῖν

275 448 441 507 εἶπαι.
527 449 766 528 λέγομεν
807 448 966 525 ἡμεῖς
1008 452 1062 507 οἱ
1107 450 1469 525 Σπαρτιῆται,
1511 449 1775 529 γενέσθαι
1816 453 1873 507 ἐν

273 540 346 614 τῇ
387 537 759 612 Λακεδαίμονι
805 536 948 595 κατά
992 536 1184 613 τρίτην
1224 535 1420 615 γενεὴν
1460 536 1566 611 τήν
1607 535 1701 595 ἀπ’
1744 536 1872 612 ἐμέο

275 628 533 683 Γλαῦκον
557 622 879 687 Ἐπικύδεος
905 623 1098 683 παῖδα·
1140 628 1339 684 τοῦτον
1364 624 1463 685 τᾶν
1489 624 1661 701 ἄνδρα
1688 625 1874 700 φαμὲν

272 710 346 769 τά
379 736 443 771 τε
480 710 634 769 ἄλλα
674 709 856 770 πάντα
895 710 1177 787 περιήκειν
1216 712 1287 771 τά
1326 716 1537 789 πρῶτα,
1566 712 1658 770 καὶ
1684 711 1751 787 δὴ
1780 712 1873 770 καὶ

275 795 493 859 ἀκούειν
533 796 738 875 ἄριστα
778 797 1131 873 δικαιοσύνης
1172 799 1302 877 πέρι
1342 798 1563 861 πάντων
1602 798 1731 860 ὅσοι
1768 799 1875 874 τήν

276 886 663 963 Λακεδαίμονα
692 890 890 945 τοῦτον
913 885 1014 945 τόν
1037 884 1242 963 χρόνον
1278 886 1477 947 οἴκεον·
1518 888 1872 965 συνενειχθῆ-

276 999 366 1034 ναι
408 974 471 1034 δέ
505 978 558 1033 οἱ
595 979 651 1034 ἐν
685 973 867 1053 χρόνῳ
905 973 1197 1052 ἱκνευμένῳ
1236 973 1368 1033 τάδε
1398 974 1658 1055 λέγομεν·
1700 973 1871 1051 ἄνδρα

277 1061 567 1139 Μιλήσιον
593 1060 926 1138 ἀπικόμενον
955 1065 1008 1123 ἐς
1037 1058 1303 1138 Σπάρτην
1326 1060 1646 1138 βούλεσθαι
1687 1064 1740 1120 οἶ
1781 1067 1869 1120 ἐλ-

279 1151 396 1210 θεῖν
428 1155 482 1213 ἐς
514 1149 733 1231 λόγους,
773 1148 1187 1228 προϊσχόμενον
1228 1148 1432 1209 τοιάδε·
1480 1151 1591 1226 εἰμὶ
1626 1152 1728 1226 μὲν
1761 1156 1870 1207 Μι-

277 1236 494 1312 λήσιος,
520 1236 634 1314 ἥκω
671 1237 730 1297 δὲ
764 1241 865 1313 τῆς
901 1240 1024 1312 σ-ἣς,
1054 1240 1291 1306 Γλαῦκε,
1310 1236 1670 1312 ὓβουλόμενος
1701 1236 1869 1295 δικαι-

278 1323 480 1400 οσύνης
515 1324 859 1384 ἀπολαῦσαι·
903 1323 975 1387 ὥς
998 1324 1110 1403 ’γὰρ
1152 1323 1220 1399 δή
1262 1322 1367 1383 ἀνά
1402 1327 1596 1383 πᾶσαν
1630 1325 1733 1401 μὲν
1767 1324 1871 1399 τὴν

278 1410 462 1487 ἄλλην
485 1411 754 1481 Ἑλλάδα,
783 1416 840 1471 ἐν
881 1411 942 1471 δὲ
981 1412 1074 1469 καὶ
1100 1411 1227 1488 περὶ
1250 1410 1476 1487 Ἰωνίην,
1504 1414 1604 1487 τῆς
1644 1416 1753 1487 σῆς
1792 1412 1868 1470 δι-

278 1500 572 1575 καιοσύνης
597 1498 668 1573 ἦν
692 1498 864 1579 λόγος
891 1497 1123 1568 πολλὰς,
1143 1502 1390 1577 ἐμεωυτῷ
1414 1498 1619 1579 λόγους
1640 1500 1865 1568 ἐδίδουν,

279 1587 372 1644 καὶ
396 1586 483 1647 ὅτι
509 1584 843 1648 ἐπικίνδυνός
870 1590 994 1645 ἐστι
1019 1587 1132 1645 αἰεί
1154 1612 1281 1645 κοτε
1312 1586 1350 1663 ἦ
1376 1587 1555 1663 Ἰωνίη
1594 1586 1633 1663 ἦ
1666 1587 1724 1646 δὲ
1752 1594 1865 1646 Πε-

277 1672 628 1749 λοπόννησος
662 1672 966 1749 ἀσφαλέως
1001 1673 1278 1751 ἱδρυμένη,
1306 1674 1397 1733 καὶ
1428 1674 1569 1734 διότι
1607 1674 1871 1754 χρήματα

279 1758 492 1837 οὗδαμᾶ,
516 1760 646 1825 τοῦς
671 1759 869 1824 αύτούς
895 1766 1019 1820 ἐστι
1044 1760 1181 1837 ὁρᾶν
1222 1763 1467 1840 ἔχοντας·
1507 1762 1681 1821 ταῦτα’
1706 1789 1769 1821 τε
1796 1761 1871 1821 ὧν

279 1850 651 1929 ἐπιλεγομένῳ
689 1849 780 1907 καὶ
817 1849 1212 1927 βουλευομένῳ
1254 1849 1405 1917 ἔδοξέ
1440 1876 1540 1926 μοι
1564 1850 1635 1909 τά
1659 1849 1870 1927 ἡμίσεα

279 1934 464 2011 πάσης
495 1941 595 2011 τῆς
630 1935 827 2013 οὐσίης
867 1935 1329 2017 ἐξαργυρώσαντα
1369 1938 1571 1998 θέσθαι
1602 1936 1755 2014 παραὶ
1782 1940 1867 2008 σὲ,

279 2022 339 2081 εὖ
365 2024 772 2104 ἐξεπισταμένῳ
800 2023 869 2087 ὥς
893 2050 992 2101 μοι
1019 2024 1241 2100 κείμενα
1262 2026 1423 2085 ἔσται
1446 2023 1601 2101 παρὰ
1620 2026 1717 2085 σοὶ
1738 2024 1867 2085 σόα·

277 2108 352 2169 σὺ
379 2111 446 2187 δή
471 2138 569 2187 μοι
595 2113 688 2171 καὶ
721 2112 794 2171 τοὶ
823 2110 1088 2190 χρήματα
1128 2112 1283 2181 δέξαι’
1318 2111 1411 2171 καὶ
1448 2112 1581 2173 τάδε
1620 2112 1693 2173 τοὶ
1728 2112 1869 2189 σύμ·

276 2200 436 2273 βολα
475 2201 633 2269 σῶζε.
661 2198 879 2275 λαβών·
921 2198 984 2263 ὃς
1026 2198 1072 2257 δ’
1106 2198 1172 2259 ἂν
1215 2200 1355 2277 ἔχων
1395 2204 1571 2261 ταῦτα
1611 2200 1865 2279 ἀπαιτέῃ,

275 2285 452 2365 τούτῳ
471 2286 789 2348 ἀποδοῦναι·
831 2286 864 2347 o‘
891 2288 994 2363 μὲν
1014 2287 1082 2362 δή
1110 2286 1222 2347 ἀπὸ
1239 2287 1501 2363 Μιλήτου
1525 2286 1671 2363 ἥκων
1696 2287 1870 2356 ξεῖνος

276 2378 529 2432 τοσαῦτα
561 2372 730 2441 ἔλεξε
772 2378 1026 2437 Γλαῦκος
1067 2376 1126 2434 δὲ
1167 2374 1389 2443 ἐδέξατο
1414 2374 1517 2450 τὴν
1540 2374 1871 2450 παραθήκην

278 2460 372 2521 ἐπὶ
396 2463 474 2539 τῷ
501 2460 760 2540 εἰρημένῳ
785 2460 956 2541 λόγῳ·
981 2461 1187 2540 χρόνου
1212 2462 1272 2521 δὲ
1292 2464 1517 2521 πολλοῦ
1538 2460 1867 2530 διελθόντος,

276 2546 456 2625 ἦλθον
483 2552 537 2611 ἐς
561 2547 664 2623 τὴν
691 2548 954 2626 Σπάρτην
993 2549 1193 2610 τούτου
1232 2552 1331 2609 τοῦ
1370 2548 1757 2625 παραθεμένου
1796 2547 1868 2607 τοὶ

276 2636 538 2713 χρήματα
565 2640 618 2695 οἱ
643 2637 852 2699 vro-28⁶3·
895 2636 1155 2699 ἐλθόντες
1186 2637 1245 2695 δὲ
1277 2641 1331 2699 ἐς
1356 2634 1563 2717 λόγους
1584 2640 1662 2716 τῷ
1688 2636 1868 2695 Γλαύ-

279 2749 354 2802 κῳ
381 2724 472 2783 καὶ
499 2723 912 2787 ἀποδεικνύντες
935 2723 1008 2784 τά
1035 2724 1326 2801 σύμβολα,
1348 2724 1611 2785 ἀπαίτεον
1636 2724 1707 2785 τά
1732 2724 1868 2805 χρή-

275 2836 445 2887 ματα·
487 2811 518 2871 ὁ
557 2812 616 2871 δὲ
656 2810 910 2872 διωθέετο
945 2810 1472 2888 ἀντυποκρινόμενος
1495 2812 1700 2871 τοιάδε·
1744 2812 1873 2873 οὔτε

275 2900 560 2975 μέμνημαι
598 2898 664 2958 τό
705 2903 956 2979 πρῆγμα,
986 2897 1114 2959 οὔτε
1138 2925 1210 2976 με
1236 2900 1525 2977 περιφέρει
1550 2899 1708 2959 οὐδὲν
1741 2901 1871 2959 εἶδέ-

278 3011 368 3045 ναι
395 2987 602 3046 τούτων
637 2990 746 3045 τῶν
772 2986 927 3062 ὑμεῖς
967 2988 1179 3068 λέγετε,
1205 2987 1499 3064 βούλομαί
1532 3013 1593 3047 τε
1634 2986 1873 3063 ἀναμνη-

277 3074 432 3137 σθεὶς
473 3076 680 3133 ποιέειν
721 3077 834 3132 πᾶν
867 3072 934 3133 τὸ
969 3070 1210 3135 δίκαιον·
1266 3075 1357 3133 καὶ
1401 3075 1511 3155 γὰρ
1550 3079 1599 3133 εἰ
1642 3076 1868 3151 ἔλαβον,

278 3158 455 3238 ὀρθῶς
487 3161 809 3221 ἀποδοῦναι·
853 3160 945 3220 καὶ
987 3161 1037 3219 εἴ
1075 3187 1143 3241 γε
1180 3161 1360 3240 ἀρχὴν
1402 3163 1481 3239 μὴ
1520 3163 1749 3237 ἔλαβον,
1786 3163 1873 3223 νό·

277 3274 439 3377 μῗισι
476 3253 630 3308 τοῖσι
658 3247 947 3323 Ἑλλήνων
973 3248 1263 3325 χρήσομαι
1290 3254 1344 3313 ἐς
1368 3250 1556 3328 ὑμέας·
1598 3255 1773 3310 ταῦτα
1803 3252 1875 3311 ὧν

299 3330 323 3377 Ι
358 3333 466 3377 .--8

2190 682 2192 691 ᾼ
2191 666 2192 671 Α
2182 377 2192 649 ...ndu-*anno*-
2182 349 2187 366 -
2181 291 2187 300 =
