2192 3409
292 104 387 151 106
896 101 1261 148 ἨΡΟΔΟΤΟΤ
1762 97 1891 163 [VI.

292 181 618 259 ἀπικόμενοι
666 184 778 257 πῦρ
810 204 874 239 τε
907 180 1090 238 αἴτεον
1134 179 1227 237 καὶ
1274 176 1741 255 ἐπελαμβάνοντο
1782 184 1898 239 τῶν

293 274 445 329 νεῶν.

201 359 228 415 l
242 359 314 415 14
400 356 517 415 Καὶ
549 359 716 415 τοῦτο
743 357 847 431 μὲν
874 358 932 414 ἐν
955 353 1133 433 τούτῳ
1167 357 1245 432 τῷ
1278 352 1431 432 πόνῳ
1466 352 1499 412 ὁ
1534 354 1895 432 πολέμαρχος

298 445 675 521 Καλλίμαχος
720 442 1115 518 διαφθείρεται,
1154 440 1294 517 οἶν-ἦρ
1330 441 1625 521 γενόμενος
1664 441 1891 521 ἀγαθὸς,

293 530 406 590 οἷπό
435 529 479 588 δ’
509 530 666 590 ἔθανε
685 534 795 595 τῶν
816 533 1146 609 στρατηγῶν
1166 529 1486 604 Στησίλεως
1512 528 1545 587 ὁ
1567 528 1895 605 Θρασύλεω·

293 621 460 677 τοῦτο
497 617 557 675 δὲ
589 617 951 696 Κυναίγειρος
977 614 1012 675 ὅ
1037 614 1396 725 Εὐφορίωνος
1422 616 1673 721 ἐνθαῦτρ,
1704 620 1895 675 ἐπιλα-

293 704 539 780 βόμενος
568 708 678 764 τῶν
713 703 1026 779 ἀφλάστων
1062 703 1210 779 myas,
1250 730 1355 778 την
1388 707 1554 781 χεῖρα
1594 702 1897 767 ἀποκοπεὶς

295 792 520 851 πελέκεϊ
543 793 753 851 πίπτει·
794 796 960 851 τοῦτο
989 792 1050 849 δὲ
1075 788 1249 850 ἄλλοι
1271 790 1579 866 Ἀθηναίων
1602 792 1821 851 πολλοί
1834 818 1897 851 τε

205 880 318 937 115
339 880 434 938 καὶ
443 877 785 961 ὀνομαστοί.
833 879 1013 939 ‘Em-a
1028 881 1132 957 μὲν
1149 878 1219 954 δὴ
1233 883 1344 939 τῶν
1360 882 1500 938 νεῶν
1510 852 1898 955 ἐπεκράτησαν

294 967 484 1047 τρόπω
517 967 750 1028 τοιούτω
783 966 1090 1043 Ἀθηναῖοι·
1132 968 1271 1045 τῇσι
1302 966 1361 1025 δὲ
1391 970 1633 1043 λοιπῇσι
1664 968 1717 1024 οἱ
1751 965 1899 1043 βαρ-

294 1057 470 1133 βαροι
520 1054 1071 1168 ἐξανακρουσάμενοι,
1126 1054 1219 1112 καὶ
1270 1053 1652 1128 ἀναλαβόντες
1694 1058 1755 1112 ἐκ
1796 1059 1899 1129 τῆς

297 1142 475 1218 νήσου
521 1148 580 1205 ἐν
630 1148 701 1223 τῇ
749 1146 946 1203 ἔλιπον
995 1142 1068 1202 τοὶ
1123 1142 1187 1211 ἐξ
1232 1141 1516 1218 Ἐρετρίης
1560 1140 1896 1217 ἀνδράποδα,

295 1232 641 1307 περιέπλωον
669 1231 900 1295 Σούνιον
922 1228 1269 1307 βουλόμενοι
1306 1228 1519 1305 φθῆναι
1553 1254 1683 1292 τους
1730 1227 1897 1303 Ἀθη-

297 1319 482 1382 ναίους
531 1318 856 1396 ἀπικόμενοι
899 1323 954 1381 ἐς
999 1318 1066 1377 τὸ
1120 1315 1286 1377 ἄστυ·
1346 1317 1497 1391 αιτίη
1548 1315 1608 1373 δε
1661 1317 1797 1395 ἔσχε
1836 1321 1898 1376 ἐν

295 1404 644 1481 Ἀθηναίοισι
673 1407 735 1475 ἐξ
754 1404 1230 1482 Ἀλκμαιωνιδέων
1255 1407 1511 1482 μηχανῆς
1538 1429 1740 1466 αυτους
1764 1408 1897 1463 ταῦ-

295 1518 368 1551 τα
429 1495 802 1569 ἐπινοηθῆναι·
860 1492 1088 1555 τούτους
1145 1491 1256 1603 ’γοὶρ
1304 1492 1689 1567 συνθεμένους
1743 1496 1898 1552 τοῖσι

299 1580 586 1657 Πέρσῃσι
597 1578 854 1649 αναδέξαι
885 1578 1170 1651 οἷσπίδα,’
1144 1583 1307 1639 εοῦσι
1332 1577 1491 1655 ἦὸη’
1466 1604 1524 1637 εν
1548 1582 1684 1657 τῇσι
1711 1581 1897 1654 νηυσί,

206 1668 317 1725 116
339 1665 514 1726 Ουτοι
544 1670 647 1744 μὲν
673 1667 742 1745 δη
768 1669 1115 1746 περιέπλωον
1148 1666 1397 1730 Σούνιον·
1424 1666 1712 1742 Ἀθηναιοι
1740 1666 1868 1727 δὲ
1828 1694 1899 1731 ως

295 1755 480 1815 ποδῶν
534 1756 686 1835 εἶχον
736 1755 983 1834 τάχιστα
1037 1754 1311 1830 ἐβοήθεον
1360 1759 1417 1816 ἐς
1464 1753 1531 1814 vd
1578 1780 1742 1813 αστυ·
1804 1780 1899 1813 και

295 1842 552 1919 ἔφθησάν
575 1870 638 1903 τε
663 1843 994 1921 απικόμενοι
1009 1868 1141 1919 πριν
1160 1840 1197 1917 ἢ
1216 1868 1345 1905 τους
1369 1840 1765 1919 βαρβάρους
1726 1868 1899 1917 ηκειν,

295 1930 387 1988 καὶ
415 1932 994 2010 ἐστρατοπεδεύσαντο
1022 1930 1319 2011 ἀπιγμένοι
1346 1930 1409 1998 ἐξ
1431 1928 1779 2005 Ἡρακληΐου
1796 1935 1900 1989 τοῦ
1952 1934 1957 1940 ’

291 2021 352 2076 ἐν
377 2020 686 2093 Μαραθῶνι
713 2023 771 2077 ἐν
797 2018 956 2097 ἄλλῳ
981 2018 1307 2096 Ἡρακληΐῳ
1331 2020 1412 2095 τῷ
1436 2022 1493 2077 ἐν
1525 2016 1897 2097 Κυνοσάργεϊ.

293 2106 347 2162 οἱ
393 2104 453 2161 δὲ
500 2103 796 2182 βάρβαροι
837 2109 974 2183 τῇσι
1023 2106 1189 2181 νηυσὶ
1240 2105 1742 2182 ὑπεραιωρηθέντες
1785 2112 1899 2167 Φα-

295 2190 492 2267 λήρου,
526 2193 714 2271 (τοῦτο
750 2192 864 2273 γοὶρ
897 2192 967 2269 ἦν
996 2194 1231 2254 ἐπίνειον
1256 2192 1389 2253 τότε
1410 2196 1521 2253 τῶν
1546 2191 1898 2272 Ἀθηναίας)

291 2277 429 2355 ὑπὲρ
474 2278 676 2339 τούτου
731 2279 1219 2359 ἀνακωχεύσαντες
1260 2280 1362 2344 τὰς
1407 2284 1542 2355 νῆας
1594 2278 1896 2338 ἀπέπλωον

297 2363 480 2427 ὀπίσω
507 2372 568 2431 ἐς
586 2366 690 2443 τὴν
715 2366 938 2443 Ἀσίην.

200 2452 309 2513 117
395 2452 490 2513 Ἐν
522 2454 701 2533 ταύτῃ
733 2460 806 2534 τῇ
841 2461 900 2516 ἐν
932 2456 1241 2533 Μαραθῶνι
1279 2452 1438 2533 μάχῃ
1475 2452 1755 2515 ἀπέθανον
1784 2457 1899 2514 τῶν

286 2540 600 2617 βαρβαρων
631 2543 773 2603 κατοὶ
811 2543 1223 2621 ἑξακισχιλίους
1256 2542 1348 2601 καὶ
1382 2542 1775 2619 τετρακοσίους
1801 2567 1897 2601 αν·

292 2626 440 2701 δρας,
492 2628 799 2705 Ἀθηναίων
853 2630 912 2689 δὲ
965 2626 1163 2689 ἕκατον
1218 2628 1573 2703 ἐννενήκοντα
1628 2628 1719 2685 καὶ
1774 2627 1894 2687 δύο

289 2712 494 2774 ἔπεσον
527 2716 630 2790 μὲν
667 2716 999 2793 ἀμφοτέρων
1033 2740 1319 2775 τοσουτοι.
1401 2714 1688 2789 συνήνεικε
1714 2714 1773 2772 δὲ
1799 2741 1893 2773 αυ-

285 2798 412 2858 τόθι
447 2800 608 2877 θῶμα
643 2804 910 2883 γενέσθαι
939 2802 1173 2863 τοιόνδε·
1214 2802 1512 2878 Ἀθηναῖον
1540 2800 1713 2878 ἄνδρα
1738 2800 1892 2861 Ἐπί-

287 2886 460 2961 ζηλον
490 2888 590 2949 τόν
627 2890 1010 2971 Κουφαγόρεω
1049 2894 1107 2949 ἐν
1121 2894 1213 2967 τῇ
1254 2888 1539 2948 συστάσει
1570 2888 1893 2968 μαχόμενόν

285 2997 347 3031 τε
377 2975 470 3033 καὶ
495 2974 666 3051 ανδρα
695 2976 987 3056 γινόμενον
1021 2974 1266 3081 αγαθὸνΑ
1267 2980 1377 3035 τῶν
1402 2974 1665 3051 ὀμμάτων
1694 3002 1895 3053 στερη·

287 3060 466 3132 θῆναι,
501 3086 626 3121 ουτε
661 3063 948 3141 πληγέντα
983 3061 1139 3119 οὐδὲν
1164 3066 1266 3120 τοῦ
1292 3086 1554 3137 σωματος
1590 3061 1717 3121 οὔτε
1740 3064 1893 3138 βλη-

288 3144 472 3202 θέντα·
505 3147 596 3203 καὶ
621 3146 690 3205 τὸ
713 3145 916 3205 λοιπόν
942 3150 1040 3220 τῆς
1067 3145 1201 3221 ζόης
1223 3148 1523 3207 διατελέειν
1550 3148 1663 3207 ‹in-«3
1689 3147 1892 3207 τούτου

285 3231 386 3287 τοῦ
411 3230 616 3306 χρόνου
643 3230 806 3289 ἐόντα
837 3231 1082 3303 τυφλόν.
1146 3232 1334 3310 λέγειν
1360 3233 1419 3290 δὲ
1440 3232 1611 3293 αὖτὸν
1636 3233 1763 3309 περὶ
1787 3238 1891 3293 τοῦ
