2192 3409
239 103 304 161 76
847 99 1213 149 *ΗΡοΔοτοτ
1706 95 1832 162 [VI.

243 178 539 258 Μιλησισυ
590 180 1056 257 πολιορκηθέντες
1107 180 1201 239 καὶ
1251 176 1545 256 προσόδων
1598 178 1837 237 ἐουσέων

241 269 601 351 μεγαλέων,’
574 268 834 347 εχρέοντο
867 272 1022 329 τοῖσι
1055 267 1315 346 χρήμασι
1357 268 1487 329 ναῦς
1526 290 1591 325 τε
1632 290 1837 341 ναυπη-

240 357 500 436 γεύμενοι
521 380 740 431 μακρας
765 355 859 413 καὶ
883 359 1068 433 τεῖχος
1106 353 1466 431 ἰσχυρότερον
1490 352 1837 430 περιβαλλό-

239 468 415 519 μενοι.
480 441 517 518 ἤ
547 442 606 501 δὲ
629 440 912 519 πρόσοδός
938 446 1103 517 σφι’
1077 442 1286 521 εγίνετο
1314 440 1371 499 ἔκ
1396 466 1459 499 τε
1484 444 1585 515 τῆς
1608 437 1839 516 ἠπείρου

244 531 337 590 καὶ
377 528 492 589 α’πὸ
532 532 644 587 τῶν
681 528 999 605 μετάλλων·
1039 533 1103 588 ἐκ
1136 528 1241 604 μέν
1274 552 1341 608 γε
1374 530 1483 587 τῶν
1520 532 1579 587 ἐν
1606 528 1840 604 Σκαπτῇ

231 616 402 694 Ray,
427 619 538 687 τῶγ
563 616 817 694 χρυσέων
841 614 1155 692 μετάλλων,
1180 613 1249 675 τό
1287 614 1491 674 ἐπίπαν
1526 612 1841 694 ὀγδώκοντα

243 703 496 764 τάλαντα
521 702 780 779 προσήῖε·
823 706 884 761 ε’κ
911 703 970 763 δὲ
995 705 1105 761 τῶν
1142 707 1201 763 ε’ν
1240 701 1385 779 αὐτῇ
1409 699 1582 781 Θάσῳ
1608 700 1841 761 ἐλάσσω

241 792 347 867 μὲν
383 790 608 861 τούτων,
647 789 832 868 συχνοὶ
867 789 928 849 δὲ
963 788 1107 851 οὕτω
1142 788 1291 849 ὥστε
1328 790 1395 849 τό
1438 791 1643 849 ε’πίπαν
1666 790 1840 849 Θασί-

245 903 380 947 οισι,
429 880 586 939 ἐοῦσι
629 880 857 953 καρπῶν
895 877 1143 947 ἀτελέσι,
1192 877 1433 954 προσ-η’ἳε
1474 876 1593 937 α’πό
1636 902 1698 935 τε
1742 880 1842 951 τῆς

242 964 476 1043 ἠπείρου
517 966 610 1025 καὶ
651 969 760 1025 τῶν
801 964 1101 1043 μετάλλων
1129 966 1276 1028 ἔτεος
1304 965 1544 1025 ἑκάστου
1584 963 1841 1039 διηκόσια

242 1052 509 1113 τάλαντα·
553 1052 647 1113 ὅτε
687 1054 748 1113 δὲ
787 1053 853 1113 τό
881 1055 1159 1113 πλεῖστον
1184 1053 1498 1129 προσῆλθε,
1524 1050 1838 1128 τριηκόσια.

150 1140 226 1198 47
249 1139 416 1200 Εἶδον
459 1140 517 1200 δὲ
555 1140 648 1200 καὶ
685 1139 852 1205 αὖτός
879 1140 952 1201 τά
985 1139 1247 1216 μέταλλα
1280 1144 1477 1200 ταῦτα·
1520 1140 1613 1198 καὶ
1650 1136 1843 1216 μακρῷ

243 1226 313 1303 ἦν
357 1228 536 1289 αὐτῶν
574 1228 982 1306 θωμασιώτατα
1015 1226 1090 1289 τά
1126 1230 1181 1287 οἶ
1218 1228 1467 1291 Φοίνικες
1500 1226 1746 1303 ἀνεῦρον,
1788 1228 1843 1284 οἱ

244 1315 386 1390 μετοῖ
415 1315 612 1377 Θάσου
651 1318 940 1379 κτίσαντες
974 1314 1078 1391 τὴν
1108 1319 1285 1391 νῆσον
1322 1315 1547 1390 ταύτην·
1588 1313 1709 1389 ἥτις
1744 1318 1843 1373 νῦν

247 1402 338 1463 ἐπὶ
364 1407 464 1463 τοῦ
490 1404 686 1463 Θάσου
713 1403 912 1465 τούτου
939 1406 1039 1467 τοῦ
1065 1403 1321 1467 Φοίνικος
1342 1402 1410 1464 τὸ
1436 1400 1645 1478 οὕνομα
1687 1401 1840 1478 ἔσχε.

245 1488 316 1547 τὰ
349 1489 408 1547 δὲ
437 1491 698 1563 μέταλλα
721 1491 794 1550 τοὶ
830 1490 1117 1552 Φοινικικὰ
1140 1494 1319 1551 ταῦτα
1354 1491 1478 1551 ἔστι
1511 1492 1614 1564 τῆς
1647 1486 1845 1549 Θάσου
1895 1525 1908 1534 ·

243 1574 452 1650 μεταξύ
482 1575 726 1652 Αἰνύρων
751 1602 812 1635 τε
839 1577 1026 1656 χώρου
1051 1577 1392 1654 καλεομένου
1419 1577 1513 1636 καὶ
1538 1574 1841 1654 Κοινύρων,

246 1660 434 1721 ἀντίον
477 1662 536 1721 δὲ
579 1664 986 1741 Σαμοθρηΐκης·
1031 1664 1159 1743 ὅρος
1198 1665 1362 1745 μέγα,
1390 1663 1844 1741 ἀνεστραμμένον

247 1753 305 1808 ἐν
345 1753 416 1827 τῇ
451 1748 700 1824 ζητήσει.
782 1756 951 1812 τοῦτο
985 1752 1091 1828 μέν
1133 1778 1229 1813 νυν
1270 1753 1394 1812 ἔστι
1424 1755 1663 1812 τοισῧτο·
1706 1750 1843 1809 οἶδὲ

247 1836 452 1895 Θάσιοι
499 1840 574 1915 τῷ
618 1839 860 1912 βασιλέϊ
907 1840 1237 1901 κελεύσαντι
1282 1840 1375 1899 καὶ
1426 1839 1491 1898 τό
1543 1842 1728 1916 τεῖχος
1776 1838 1843 1897 τό

248 1924 526 1999 σφέτερον
552 1929 824 1999 κατεῖλον,
847 1927 938 1987 καὶ
963 1926 1063 1991 τάς
1089 1928 1215 1991 νέας
1238 1927 1341 2009 ταῖς
1365 1927 1553 1990 πάσας
1574 1926 1844 2002 ἐκόμισαν

249 2015 304 2072 ἐς
332 2009 616 2088 Ἄβδηρα.

152 2101 229 2157 48
330 2098 492 2159 Μετα
519 2099 578 2159 δὲ
603 2102 786 2169 τοῦτο,
814 2098 1155 2179 ἀπεπειρᾶτο
1182 2128 1213 2161 ο
1244 2104 1481 2179 Δαρεῖος
1505 2104 1615 2162 τῶν
1637 2100 1842 2179 Ἑλλή-

248 2212 352 2247 νων
389 2185 421 2245 ὅ
456 2212 512 2247 τι
549 2190 606 2246 ἐν
650 2186 755 2264 νόω
795 2188 988 2266 ἔχοιεν,
1017 2188 1218 2267 κότερα
1257 2190 1551 2265 πολεμέειν
1591 2190 1842 2267 ἑωυτω*
1806 2217 1843 2267 η

249 2266 610 2350 παραδιδόναι
653 2274 838 2350 σφέας
882 2275 1101 2339 αὐτούς.
1184 2277 1449 2352 διέπεμπε
1494 2276 1566 2336 ὦν
1607 2276 1844 2353 κήρυκας

251 2359 463 2425 ἄλλους
493 2361 647 2441 ἄλλῃ
682 2361 915 2431 ‘rosiae’
879 2390 986 2423 ανα
1009 2390 1115 2439 την
1140 2363 1411 2435 Ἑλλάδα,
1440 2363 1677 2423 κελεύων
1702 2366 1843 2424 αἰτέ-

248 2474 326 2507 ειν
351 2450 594 2524 βασιλέϊ
615 2453 725 2531 γῆν
749 2475 812 2511 τε
839 2451 932 2510 καὶ
957 2450 990 2509 ὕ
1108 2496 1120 2509 .
1188 2451 1415 2513 τούτους
1437 2453 1541 2527 μὲν
1568 2444 1637 2526 δή
1664 2457 1719 2513 ἐς
1740 2452 1846 2526 τήν

247 2533 498 2594 Ἑλλάδα
527 2539 770 2613 ἔπεμπε·
786 2536 997 2601 ἄλλους
1019 2538 1079 2596 δὲ
1107 2536 1345 2614 κήρυκας
1372 2538 1638 2614 διέπεμπε
1667 2542 1723 2600 ἐς
1746 2538 1845 2603 τοὶς

255 2625 454 2681 ἑωυτοῦ
499 2622 898 2699 δασμοφόρους
941 2624 1145 2688 πόλιας
1187 2651 1287 2688 τας
1322 2626 1843 2702 παραθαλασσίους,

249 2706 485 2768 κελεύων
520 2708 643 2771 νέας
676 2734 739 2769 τε
768 2736 985 2787 μακρας
1021 2713 1113 2771 καὶ
1152 2713 1449 2795 ἱππαγωγα
1482 2716 1659 2771 πλοῖα
1694 2714 1842 2773 ποιέ-

151 2798 227 2853 49
253 2794 435 2854 εσθαι.
512 2793 670 2854 οὗτοί
688 2822 750 2855 τε
778 2797 844 2873 δὴ
871 2799 1351 2875 παρεσκευάζοντο
1376 2804 1571 2859 ταῦτα·
1615 2801 1707 2859 καὶ
1733 2805 1846 2859 τοῖ-

249 2906 312 2939 σι
345 2880 548 2957 ἥκουσι
587 2886 641 2947 ἐς
679 2882 784 2958 τήν
809 2883 1064 2945 Ελλάδα
1106 2885 1299 2961 κήρυξι
1325 2888 1537 2947 πολλοὶ
1563 2913 1667 2963 μεν
1692 2886 1844 2971 ἠπει-

248 2970 460 3042 ρωτέων
506 2969 766 3031 ἐδίδοσαν
805 2996 878 3029 τα
921 2972 1233 3049 προισχετο
1277 2999 1469 3033 αιτεων
1514 3001 1548 3033 ο
1598 2976 1843 3050 Πέρσης,

249 3054 448 3115 πάντες
476 3056 535 3113 δὲ
563 3058 617 3113 οἱ
643 3058 914 3130 νησιῶται
940 3061 994 3117 ἐς
1018 3082 1149 3119 τους
1168 3057 1460 3120 ἀπικοίατο
1502 3060 1847 3135 αἰτήσοντες.

254 3138 312 3192 οἵ
350 3163 409 3195 τε
453 3139 520 3211 δὴ
563 3139 733 3197 ἄλλοι
770 3146 1038 3214 νησιῶται
1074 3140 1291 3201 διδοῦσι
1324 3148 1435 3221 γῆν
1472 3172 1534 3204 τε
1576 3148 1668 3204 καὶ
1702 3145 1845 3221 ὕδωρ

257 3221 470 3297 Δαρείῳ
499 3224 590 3280 καὶ
617 3223 684 3295 δὴ
713 3225 802 3281 καὶ
831 3229 1139 3303 Αἰγινῆται·
1182 3228 1461 3301 ποιήσασι
1488 3230 1551 3288 δέ
1574 3239 1688 3307 σφι
1718 3236 1845 3291 ταΰ-
