2192 3409
257 157 347 202 153
868 154 1236 205 ‘HPOAO'I'OT
1690 151 1843 218 [vn.

243 232 445 295 πεκέας
473 233 691 312 ἔχοντες
718 232 1131 309 ε’στρατεύοντο,
1159 233 1287 309 περὶ
1314 232 1373 291 δὲ
1399 233 1465 293 τό
1494 236 1663 309 σῶμα
1689 236 1847 295 κιθῶ·

245 345 362 383 νας·
418 322 508 380 ἐπὶ
553 321 628 389 δὲ,
668 318 848 397 ζειράς
891 320 1375 398 περιβεβλημένοι
1416 322 1691 392 ποικίλας,
1721 325 1849 399 περὶ

247 407 306 466 δὲ
348 407 475 471 τοῦς
517 408 690 471 πόδας
732 434 793 467 τε
836 410 927 466 καὶ
969 408 1070 470 τάς
1114 408 1326 484 κνήμας
1368 408 1570 466 πέδιλα
1612 412 1847 486 νεβρῶν·

244 522 385 573 προς
415 496 556 565 δὲ,’
521 494 750 555 ακόντιά
786 520 848 554 τε
891 496 984 553 καὶ
1023 496 1234 558 πέλτας
1260 494 1353 555 καὶ
1380 496 1678 575 εγχειρίδια
1718 522 1847 573 σμι-

247 583 365 660 κρά.
455 580 632 662 (οὗτοι
673 582 732 641 δὲ
773 582 1069 658 διαβάντες
1093 584 1199 659 μὲν
1226 587 1281 646 ἒς
1304 581 1410 655 τὴν
1434 581 1654 659 Ἀσίην,
1684 584 1848 659 ε’κλή-

253 672 438 745 θησαν
464 670 709 729 Βιθυνοί·
750 694 816 729 το
843 670 902 727 δὲ
928 668 1201 747 πρότερον
1242 670 1554 740 ἐκαλέοντο,
1584 669 1655 734 ὥς
1689 670 1846 731 αὐτοὶ

245 758 496 838 λέγουσι,
529 757 876 833 Στρυμόνιοι,
906 758 1173 821 οἰκέοντες
1200 759 1291 817 ε’πὶ
1319 756 1616 835 Στρυμόνι·
1658 758 1846 829 ἐξανα-

246 847 448 921 στῆναι
485 846 547 903 δέ
579 852 726 921 φασι
763 845 825 914 ἐξ
858 844 1039 919 ἠθέων
1076 844 1189 905 ύπό
1214 849 1469 923 Τευκρῶν
1499 871 1562 906 τε
1602 848 1694 905 καὶ
1722 854 1843 906 Μυ-

151 933 227 992 76
249 932 406 1009 σῶν.)
490 933 748 1009 Θρηΐκιον
767 932 827 991 δὲ
852 935 960 991 τῶν
994 936 1052 991 ἓν
1077 936 1150 1011 τῇ
1173 931 1406 1011 ’Acin’
1369 958 1512 1012 ηρχε
1536 934 1845 1010 Βασσάκης

245 1018 278 1079 ὅ
303 1020 680 1098 Ἀρταβάνου.
777 1017 1076 1082 ...ἀσπίδας
1104 1020 1163 1079 δὲ
1191 1019 1505 1096 ὦμοβοινας
1534 1020 1685 1099 εἶχον
1712 1046 1842 1097 σμι·

247 1108 395 1186 κράς,
436 1110 528 1168 καὶ
565 1108 888 1186 προβόλους
924 1107 1020 1166 δύο
1060 1108 1458 1187 λυκοεργέας
1431 1132 1667 1171 εκαστος
1709 1108 1840 1188 εἶχε

244 1197 336 1255 ἐπὶ
362 1196 422 1255 δὲ
447 1202 582 1275 τῇσι
609 1200 898 1275 κεφαλῇσι
925 1194 1129 1273 κράνεα
1160 1194 1399 1273 χάλκεα·
1440 1195 1581 1271 πρός
1606 1195 1666 1256 δὲ
1692 1201 1844 1257 τοῖσι

244 1282 488 1359 κράνεσι,
541 1283 654 1345 ὦτά
699 1312 762 1345 τε
811 1284 902 1343 καὶ
945 1284 1105 1360 κέρεα
1152 1286 1376 1359 προσῆν
1421 1282 1564 1358 βοός
1605 1283 1842 1362 χάλκεα·

244 1374 462 1447 ἐτι-ἦσαν
491 1373 549 1431 δὲ
579 1374 668 1431 καὶ
695 1371 890 1447 λόφοι·
932 1370 1033 1434 τοῖς
1073 1370 1135 1430 δὲ
1176 1369 1386 1446 κνήμας
1426 1369 1623 1447 ῥάκεσι
1665 1376 1843 1447 φοινι-

245 1460 421 1518 κέοισι
467 1462 840 1539 κατειλίχατο.
926 1459 1008 1537 (ἔν
1059 1458 1313 1519 τούτοισι
1365 1456 1601 1533 ἀνδράσι
1640 1456 1844 1535 Ἀρεός

145 1545 221 1605 77
243 1550 364 1604 ἐστι
391 1546 780 1626 χρηστήριον.)
855 1546 1160 1623 Καβηλέες
1187 1545 1261 1614 δὲ,
1286 1548 1339 1604 οἶ
1366 1546 1625 1621 Μηίονες,
1655 1546 1841 1607 Λασό-

242 1657 347 1691 νιοι
381 1633 440 1691 δὲ
480 1633 825 1711 καλεύμενοι,
853 1633 956 1709 τήν
999 1632 1171 1710 αὐτὴν
1198 1634 1393 1703 Κίλιξι
1435 1633 1587 1713 εἶχον
1618 1634 1841 1711 σκευήν·

241 1720 345 1795 τήν
372 1719 496 1801 ἐγῶ,
527 1721 692 1780 ε’πεὰν
721 1722 860 1781 κατσῖ
890 1720 993 1797 τὴν
1021 1722 1273 1792 Κιλίκων
1304 1721 1461 1791 τάξιν
1501 1720 1714 1791 διεξιών
1752 1725 1843 1803 γε’-

242 1832 433 1881 νωμαι,
469 1808 598 1867 τότε
633 1810 912 1885 σημανέω.
997 1808 1217 1867 Μιλύαι
1258 1808 1318 1867 δὲ
1354 1807 1561 1887 αἰχμάς
1602 1833 1665 1868 τε
1700 1810 1841 1887 βρα-

241 1894 375 1972 χέας
423 1894 588 1973 εἶχον,
644 1896 735 1953 καὶ
789 1898 988 1971 εἵματα
1041 1897 1503 1972 ἐνεπεπορπέατο.
1587 1896 1742 1977 εἶχον
1784 1898 1844 1955 δὲ

243 1980 420 2040 αὐτῶν
460 1982 597 2051 τόξα
635 1983 979 2060 μετεξέτεροι
1006 1982 1207 2043 Λύκια·
1250 1984 1379 2061 περὶ
1407 1982 1465 2043 δὲ
1492 1987 1629 2062 τῇσι
1670 1991 1839 2060 κεφα-

244 2070 382 2146 λῇσι
435 2074 494 2128 ἐκ
549 2070 852 2147 διφθερέων
902 2072 1278 2149 πεποιημένας
1326 2071 1535 2136 κυνέας.
1627 2071 1841 2133 τούτων

145 2156 223 2213 78
245 2155 459 2215 πάντων
483 2156 622 2236 ἦρχε
650 2157 868 2235 Βάδρης
893 2158 926 2218 ό
951 2158 1273 2222 Ὑστάνεος.
1358 2159 1593 2238 Μόσχοι
1626 2160 1686 2218 δὲ
1712 2162 1840 2237 περὶ

241 2245 342 2315 μὲν
379 2249 514 2324 τῇσι
559 2250 846 2325 κεφαλῇσι
890 2248 1080 2310 κυνέας
1122 2247 1347 2317 ξυλίνας
1390 2247 1555 2325 εἶχον,
1597 2246 1842 2311 ἀσπίδας

241 2331 302 2391 δὲ
329 2333 418 2392 καὶ
447 2334 652 2413 αῖχμσῖς
692 2334 951 2411 σμικράς·
995 2334 1205 2415 λόγχαι
1232 2334 1292 2393 δὲ
1320 2338 1541 2410 ε’πῆσαν
1574 2335 1839 2417 μεγάλαι.

243 2422 551 2499 Τιβαρηνοὶ
593 2423 654 2481 δὲ
690 2423 781 2481 καὶ
815 2422 1117 2499 Μάκρωνες
1158 2422 1251 2480 καὶ
1286 2421 1637 2481 Μοσύνοικοι
1678 2424 1841 2483 κατάὲ

241 2533 344 2584 περ
373 2508 608 2588 Μόσχοι
635 2510 1038 2587 ἐσκευασμένοι
1070 2508 1487 2585 ἐστρατεύοντο·
1528 2510 1757 2574 τούτους
1782 2511 1841 2569 δὲ

245 2596 599 2655 συνέτασσον
635 2593 898 2675 ἄρχοντες
938 2596 1072 2656 οἶδε·
1115 2596 1391 2676 Μόσχους
1415 2599 1519 2673 μὲν
1547 2599 1639 2656 καὶ
1663 2599 1841 2675 Τιβα-

239 2682 452 2756 ρηνοῦς,
480 2682 847 2759 Ἀριόμαρδος
879 2682 910 2743 ὅ
940 2684 1181 2763 Δαρείου
1206 2708 1270 2743 τε
1294 2686 1428 2746 παῖς
1454 2684 1545 2742 καὶ
1573 2684 1841 2761 Πάρμυος

237 2770 339 2841 τῆς
375 2768 642 2844 Σμέρδιος
675 2773 776 2828 τοῦ
817 2769 1026 2846 Κύρου,
1068 2770 1381 2847 Μάκρωνας
1422 2770 1483 2830 δὲ
1524 2772 1617 2830 καὶ
1644 2776 1840 2835 Μοσυ-

239 2855 451 2917 νοίκους
475 2853 814 2931 Ἀρταΰκτης
858 2857 890 2916 ὁ
917 2856 1258 2934 Χεράσμιος,
1287 2857 1347 2921 ὃς
1375 2857 1601 2933 Σηστόν
1638 2858 1743 2934 τήν
1782 2864 1841 2919 ἔν

146 2941 220 2999 79
239 2939 644 3018 Ἑλλησπόντῳ
687 2942 1035 3017 ἐπετρόπευε.
1120 2945 1315 3018 Μᾶρες
1356 2944 1413 3001 δὲ
1456 2944 1547 3001 ε’πὶ
1576 2945 1681 3018 μὲν
1704 2949 1841 3023 τῇσι

241 3030 529 3103 κεφαλῇσι
574 3024 774 3102 κράνεα
817 3027 1084 3104 ἐπιχώρια
1127 3027 1343 3087 πλεκτά
1388 3029 1556 3106 εἶχον,
1595 3028 1841 3093 ἀσπίδας

240 3109 299 3167 δὲ
326 3110 648 3185 δερματίνας
675 3113 915 3188 σμικροῖς
937 3113 1030 3169 καὶ
1055 3112 1301 3171 ἀκόντια.
1372 3114 1598 3193 Κόλχοι
1624 3115 1685 3175 δὲ
1708 3119 1839 3194 περὶ

236 3198 342 3267 μὲν
373 3200 508 3271 τῇσι
536 3200 824 3272 κεφαλῇσι
852 3198 1053 3271 κράνεα
1080 3197 1293 3266 ξύλινα,
1321 3196 1563 3262 ἀσπίδας
1594 3200 1657 3259 δὲ
1695 3201 1837 3277 ὦμο-

236 3280 436 3353 βοΐνας
479 3279 718 3354 σμικράς
763 3283 965 3358 αἰχμάς
1011 3308 1072 3341 τε
1119 3283 1389 3361 βραχέας·
1432 3284 1574 3360 πρός
1620 3286 1695 3360 δὲ,
1745 3286 1841 3347 καὶ
