2192 3409
287 76 350 123 86
912 76 1279 125 ‘nPvo'ro'r
1762 76 1885 141 [Ἡ.

284 153 457 229 μένην
493 152 526 213 ὅ
561 151 852 231 Ἀρίστων,
893 154 1062 231 ἔμαθε
1102 154 1175 219 ὥς
1212 156 1363 217 θεῖον
1396 154 1482 231 εἴη
1522 153 1589 215 τό
1635 159 1885 236 πρῆγμα.

285 241 378 300 καὶ
416 246 582 301 τοῦτο
613 244 717 318 μὲν
753 244 806 301 οἱ
839 244 1117 318 στέφανοι
1156 242 1449 319 ἐφάνησαν
1478 241 1660 307 ἐόντες
1691 248 1754 303 ἐκ
1789 248 1889 305 τοῦ

283 329 488 406 ἤρωΐου
511 334 612 389 τοῦ
647 330 801 408 παρά
827 334 965 409 τῇσι
993 330 1200 410 θύρῃσι
1224 335 1363 409 τῇσι
1387 330 1649 409 αὐλείῃσι
1674 331 1888 409 ἱδρυμέ-

283 444 400 477 νου·
430 419 520 498 (τὸ
549 420 818 477 καλέουσι
835 418 1283 498 Ἀστραβάκου·)
1310 422 1475 478 τοῦτο
1500 418 1561 477 δὲ
1588 422 1642 478 οἶ
1664 419 1889 495 μάντιες

285 506 385 565 τὸν
419 505 586 565 αὐτὸν
621 510 821 566 τοῦτον
857 504 1010 581 ἥρωα
1035 506 1291 583 α’ναίρεον
1318 506 1475 565 εἶναι.
1514 542 1523 551 ·
1557 505 1701 566 οὕτω
1728 506 1815 581 δή,
1846 508 1889 567 ὦ

283 597 404 663 παῖ,
433 594 574 669 ἔχεις
603 595 717 651 πᾶν
744 592 884 653 ὅσον
909 618 965 652 τι
991 594 1082 652 καὶ
1108 593 1351 669 βούλεαι
1376 594 1672 653 πυθέσθαι·
1712 592 1750 670 ἢ
1774 594 1885 675 γὰρ

291 684 350 737 ἐκ
375 682 476 739 τοῦ
505 678 680 755 ἥρωος
704 680 902 741 τούτου
883 682 1164 791 γέγονας
1182 682 1279 739 καί
1292 706 1381 767 τοι
1400 680 1585 758 πατήρ
1606 684 1731 745 ἐστι
1748 681 1883 743 Ἀσ-

286 766 639 843 τράβακος“
605 793 638 825 ο
675 765 834 844 ἥρως,
873 766 910 843 ἢ
941 766 1235 845 Ἀρίστων·
1278 772 1337 827 ἐν
1370 767 1481 849 γάρ
1516 794 1588 829 σε
1622 772 1696 847 τῇ
1730 771 1883 829 νυκτὶ

283 854 460 933 ταύτῃ
487 854 832 932 ἀναιρέομαι.
899 860 971 933 τῇ
997 856 1061 915 δέ
1083 881 1188 915 σευ
1218 855 1475 932 μάλιστα
1510 855 1882 917 κατάπτονται

283 946 340 1002 οἶ
375 943 584 1023 ἐχθροὶ,
622 944 880 1023 λέγοντες
914 942 985 1007 ὥς
1015 942 1183 1021 αὐτὸς
1218 942 1251 1004 ὁ
1283 942 1573 1019 Ἀρίστων,
1602 942 1697 1003 ὅτε
1730 944 1881 1023 αὐτῷ

283 1031 358 1091 σι)
411 1030 696 1113 ἠγγέλθης
733 1032 1145 1111 γέγεννημένος,
1188 1034 1422 1090 πολλῶν
1462 1029 1773 1093 ἀκουόντων
1814 1032 1879 1091 οὗ

253 1119 259 1126 ’
287 1118 495 1195 φήσειέ
549 1145 621 1179 σε
675 1122 877 1179 ἑωυτοῦ
935 1118 1089 1189 εἶναι,
1135 1118 1256 1198 (τᾶν
1300 1118 1507 1197 χρόνον
1536 1118 1688 1224 ..ydp’
1750 1120 1881 1181 τούς

285 1206 417 1267 δέκα
451 1211 646 1285 μῆνας,
685 1206 813 1267 οὖδέ
847 1233 924 1267 κω
962 1206 1213 1285 ἐξηκειν,)
1242 1205 1461 1284 οἶῖδρηΐῃ
1485 1209 1596 1266 τῶν
1620 1206 1879 1267 τοιούτων

286 1299 460 1358 κεῖνος
484 1299 650 1355 τοῦτο
677 1294 947 1371 ἀπέρριψε
966 1294 1032 1354 vd
1053 1295 1203 1357 ἔπος·
1229 1294 1481 1353 τίκτουσι
1498 1294 1609 1375 γὰρ
1628 1298 1879 1383 γυναῖκες

287 1383 380 1441 καὶ
426 1381 728 1458 ἐννεάμηνα
781 1382 872 1439 καὶ
919 1380 1225 1458 ἑπτάμηνα,
1274 1382 1367 1440 καὶ
1412 1380 1476 1441 οὖ
1520 1385 1701 1441 πᾶσαι
1748 1382 1879 1443 δέκα

284 1473 464 1545 μῆνας
512 1469 903 1529 ἐκτελέσασαι·
948 1468 1054 1548 ἐγω
1087 1469 1147 1529 δὲ
1190 1472 1276 1538 σὲ,
1320 1467 1363 1527 ὦ
1404 1472 1523 1538 παῖ,
1563 1468 1879 1545 ἑπτάμηνον

286 1556 488 1615 ἔτεκον·
516 1556 653 1635 ἔγνω
673 1556 732 1615 δὲ
753 1556 845 1613 καὶ
866 1554 1029 1618 αὐτὸς
1049 1555 1080 1615 ὁ
1100 1556 1376 1633 Ἀρίστων
1404 1555 1468 1615 οὖ
1494 1556 1639 1632 μετὰ
1658 1556 1877 1617 πολλόν

283 1642 504 1721 χρόνον,
533 1641 604 1705 ὦς
627 1640 786 1720 οἷνοίῃ
812 1642 876 1702 τὰ
907 1644 1036 1705 ἔπος
1072 1643 1313 1719 ἐκβάλοι
1342 1647 1531 1706 τοῦτο.
1586 1642 1792 1723 λόγους
1820 1645 1877 1703 δὲ

286 1728 507 1792 ἄλλους·
523 1729 650 1807 περὶ
673 1730 924 1811 γενέσιος
948 1735 1048 1806 τῆς
1075 1735 1320 1789 σεωυτοῦ
1346 1756 1427 1806 μη
1454 1730 1743 1790 δέκεο·τά
1770 1758 1877 1811 γαρ

285 1816 648 1892 ἀληθέστατα
673 1817 856 1879 πάντα
883 1817 1143 1894 ἀκήκοας.
1205 1823 1265 1877 ἐκ
1292 1819 1351 1879 δὲ
1376 1818 1713 1930 ὀνοφορβῶν
1732 1818 1879 1896 αυτῷ

287 1931 350 1965 τε
388 1906 698 1985 Λευτυχίδῃ
741 1906 833 1965 καὶ
872 1910 1026 1967 τοῖσι
1063 1910 1242 1967 ταῦτα
1278 1906 1516 1988 λέγουσι
1544 1909 1781 1967 τίκτοιεν
1820 1910 1879 1965 αἱ

197 2012 216 2053 ι
191 1995 267 2051 ‘O
285 1997 538 2072 γυναῖκες
571 1992 821 2058 παῖδαςῗ
899 1994 976 2053 Ἡ
1015 2020 1122 2071 μεν
1168 1994 1237 2069 δη
1277 1998 1452 2055 ταῦτα
1505 1996 1683 2075 ἔλεγε·
1746 2022 1777 2053 ο
1820 1995 1877 2054 δὲ

285 2080 595 2156 πυθόμενός
628 2107 688 2141 τε
729 2081 802 2141 τὰ
842 2082 1115 2159 ἐβούλετο
1152 2082 1244 2141 καὶ
1280 2082 1475 2143 ἐπόδια
1506 2081 1725 2159 λαβὼν,
1753 2088 1878 2141 ἐπο·

286 2168 480 2246 ρεύετο
507 2174 561 2232 ἐς
573 2168 754 2229 Ἦλιν
773 2174 850 2249 τῷ
873 2171 1042 2252 λόγῳ,
1072 2170 1187 2246 φοὶς
1212 2168 1283 2235 ὥς
1304 2175 1358 2233 ἐς
1386 2169 1651 2245 Δελφοῦς
1668 2168 1877 2247 χρησό-

283 2283 450 2333 μενος
464 2262 540 2337 '‘a‘’
551 2260 873 2339 χρηστηρίῳ
887 2256 1197 2335 πορεύεται.
1224 2257 1653 2334 Λακεδαιμόνιοι
1668 2257 1727 2315 δὲ
1745 2257 1875 2317 ὖπο-

283 2346 620 2423 τοπηθέντες·
642 2345 983 2423 Δημάρητον
1018 2346 1251 2425 δρησμῷ
1274 2344 1615 2425 ἐπιχειρέειν,
1636 2345 1876 2405 ἐδίωκον·

287 2435 384 2493 καί
409 2460 514 2497 κως
545 2435 692 2511 ἔφθη
731 2440 785 2497 ἐς
819 2433 1103 2494 Ζάκυνθον
1139 2432 1343 2510 διαβὰς
1373 2432 1405 2493 ὅ
1449 2432 1785 2510 Δημάρητος
1818 2436 1879 2489 ἐκ

288 2526 389 2595 τῆς
397 2521 652 2585 Ἠλιδος-
675 2520 1058 2597 ἐπιδιαβάντες
1083 2521 1145 2580 δὲ
1172 2548 1225 2581 οι
1207 2519 1687 2597 ’Λακεδαιμόνιομ
1710 2517 1878 2579 αυτοῦ

289 2632 351 2666 τε
377 2606 616 2667 ἅπτοντο
657 2609 750 2667 καὶ
781 2634 910 2671 τους
944 2607 1284 2686 θεράποντας
1318 2607 1487 2669 αυτ-ὂν
1528 2607 1878 2685 άπαιρέοντο·

283 2719 428 2769 μετα
465 2693 540 2765 δε,
569 2720 634 2753 ου
659 2721 768 2775 γαρ
807 2695 1127 2765 ἐξεδίδοσαν
1158 2696 1324 2757 αὐτὸν
1356 2721 1411 2755 οι
1446 2694 1756 2764 Ζακύνθιοι,
1800 2699 1879 2753 ἐν·

289 2783 479 2842 θεΰτεν
493 2781 809 2863 διαβαίνει’
784 2809 838 2846 ες
850 2808 956 2858 την
964 2782 1167 2859 Ἀσίην
1184 2808 1337 2861 παρα
1319 2782 1605 2859 βασιλέα
1621 2786 1879 2857 Δαρεῖον·

286 2868 319 2929 ὁ
348 2870 407 2929 δὲ
432 2869 732 2939 ὑπεδέξατό
755 2897 818 2929 τε
845 2869 1011 2929 αὐτὸν
1045 2872 1387 2951 μεγαλωστὶ,
1424 2872 1517 2929 καὶ
1553 2875 1662 2950 γῆν
1694 2896 1757 2928 τε
1790 2870 1883 2926 καὶ

285 2956 452 3021 πόλις
480 2957 656 3015 ἔδωκε.
697 2955 836 3015 οὕτω
856 2956 1083 3016 ἀπίκετο
1112 2962 1165 3019 ἐς
1189 2958 1293 3033 τὴν
1317 2956 1519 3032 Ἀσίην
1546 2958 1883 3033 Δημάρητος

289 3043 382 3101 καὶ
421 3043 647 3121 τοιαύτῃ
686 3043 1040 3120 χρησάμενος
1069 3042 1229 3120 τύχῃ,
1267 3041 1421 3101 ἄλλα
1450 3068 1515 3103 τε
1538 3044 1881 3119 Λακεδαιμο-

289 3128 461 3185 νίοισι
479 3128 660 3205 συχνά
679 3128 896 3207 ἔργοισί
906 3153 968 3186 τε
989 3129 1080 3186 καὶ
1093 3128 1353 3207 γνώμῃσι
1374 3128 1881 3205 άπολαμπρυνθεὶς,

293 3214 352 3269 ἐν
387 3212 446 3269 δὲ
477 3212 546 3285 ἢ
581 3212 674 3271 καὶ
697 3212 1054 3288 Ὀλυμπιάδα
1088 3220 1205 3290 σφι
1233 3212 1567 3291 α’νελόμενος
1596 3216 1883 3295 τεθρίππῳ
