2192 3409
295 108 515 191 79484]
989 128 1217 176 EPAm.
1836 126 1897 175 91

298 232 380 267 ειν
403 206 472 266 τὸ
488 204 718 287 Ἄργος,
746 205 956 280 παρεὸν
989 204 1255 269 εὐπετέως
1292 230 1391 282 μιν
1432 206 1597 265 ἑλεῖν·
1639 203 1673 264 ὅ
1700 204 1763 263 δέ
1787 210 1899 279 σφι

297 294 469 363 ἔλεξε,
498 291 624 351 οὔτε
649 295 698 352 εἶ
723 290 1058 369 ψευδόμενος
1084 292 1213 352 οὔτε
1252 296 1299 351 εἰ
1339 292 1555 368 οἷληθέα
1579 292 1761 373 λέγων
1792 292 1900 371 ἔχω

297 381 596 457 σαφηνέως
637 381 806 438 εἶπαι·
849 380 1002 449 ἔλεξε
1044 379 1090 438 δ’
1120 380 1194 439 ὧν
1225 379 1473 457 φάμενος
1502 379 1625 438 ἐπεί
1650 405 1713 437 τε
1738 377 1807 454 δὴ
1833 378 1899 438 ve?

295 473 397 527 τοῦ
415 460 645 549 ’Ἀργου
687 466 808 544 ἱρόν
848 466 979 536 εἷλε,
1023 466 1233 527 δοκέειν
1276 470 1330 526 οἱ
1374 467 1763 542 ἐξεληλυθέναι
1801 465 1902 525 τόν

297 554 563 634 χρησμόν
601 559 702 614 τοῦ
743 555 894 613 θεοῦ·
934 555 1076 631 πρὸς
1105 554 1179 613 ὧν
1202 558 1377 614 ταῦτα
1404 554 1471 613 ού
1502 555 1747 614 δικαιοῦν
1784 579 1900 613 πει-

297 647 404 719 ρᾶν
445 646 546 719 τῆς
586 642 800 715 πόλιος,
845 643 978 719 πρίν
1022 668 1089 722 γε
1137 643 1207 718 δὴ
1258 646 1431 719 ἱροῖσι
1467 642 1765 721 χρήσηται,
1806 642 1898 701 καὶ

297 730 462 809 μάθῃ·
483 731 590 790 εἴτε
619 734 673 789 οἱ
697 730 730 789 ὁ
757 728 882 793 θεὸς
921 730 1219 807 παραδιδοῖ
1243 732 1352 789 εἴτε
1378 734 1432 789 οἱ
1460 730 1713 806 ἐμποδῶν
1741 730 1901 806 ἔστη-

301 842 382 875 κε·
425 818 884 896 καλλιερευμένῳ
903 817 1016 876 δὲ’
988 842 1048 877 εν
1073 821 1151 896 τῷ
1173 818 1440 896 Ἦραίῳ’
1414 844 1475 877 εκ
1506 822 1607 877 τοῦ
1646 816 1901 897 αγάλμα-

299 929 394 967 τος
419 910 530 965 τῶν
557 906 820 981 στηθέων·
835 904 1032 985 φλόγα
1055 904 1231 981 πυρός
1266 904 1569 983 ἐκλάμψαι·
1610 907 1827 980 μαθεῖν
1841 906 1901 964 δὲ

301 990 481 1055 αύτος
495 992 634 1052 οὕτω
657 992 763 1069 την
789 992 1098 1070 άτρεκηΐην,
1126 992 1213 1052 ὅτι
1240 991 1339 1051 οὐκ
1374 994 1542 1070 αἱρέει
1572 993 1637 1053 τὰ
1667 992 1897 1071 ”·Αρ·γος

303 1084 351 1138 εἰ
402 1082 506 1156 μὲν
546 1080 656 1160 γοὶρ
711 1086 774 1139 ἐκ
822 1085 923 1157 τῆς
977 1083 1231 1156 κεφαλῆς
1270 1085 1371 1139 τοῦ
1411 1080 1736 1161 ἀγάλματος
1789 1080 1901 1148 ἐξέ-

301 1170 742 1245 λαμψε,«αἱρέειν
781 1167 850 1229 ἂν
890 1167 1007 1228 κατ’
1033 1167 1205 1246 ἄκρης
1243 1167 1347 1242 τήν
1385 1167 1574 1227 πόλιν·
1618 1173 1677 1226 ἐκ
1702 1171 1815 1226 τῶν
1841 1168 1902 1225 δὲ

303 1256 554 1331 στηθέων
577 1256 922 1335 λάμψαντος,
951 1260 1063 1317 πᾶν
1091 1260 1145 1316 οἳ.
1170 1256 1513 1331 πεποιῆσθαι
1548 1254 1687 1315 ὅσον
1714 1254 1747 1314 ὁ
1775 1255 1903 1317 θεὸς

304 1343 576 1452 ἐβούλετο
615 1346 896 1425 γενέσθαι.
978 1348 1155 1404 ταῦτα
1180 1344 1242 1403 δὲ
1267 1344 1463 1425 λέγων,
1490 1341 1669 1403 πιστά
1706 1368 1769 1403 τε
1808 1344 1901 1402 καὶ

304 1430 494 1491 οἰκότα
552 1430 735 1491 ἐδόκεε
788 1432 1177 1510 Σπαρτιήτῃσι
1236 1432 1437 1551 λέγειν,
1492 1432 1583 1490 καὶ
1641 1428 1900 1513 απέφυγε

303 1518 528 1578 πολλόν
565 1543 693 1582 τους
733 1518 1045 1582 διώκοντας.
1470 1563 1495 1593 0
1630 1556 1635 1560 ·

373 1603 586 1687 ”Αργος
621 1606 680 1665 δε
716 1605 928 1683 ἀνδρῶν
969 1606 1225 1685 ἐχηρωθη
1264 1606 1421 1677 οὕτω,
1451 1606 1596 1666 ὥστε
1623 1610 1677 1666 οἱ
1704 1605 1897 1666 δοῦλοι
1916 1608 1993 1666 83

304 1690 484 1751 αὐτῶν
525 1694 696 1772 ἔσχον
730 1692 914 1754 πάντα
954 1719 1026 1754 τα
1068 1693 1375 1775 πρήγματα
1409 1694 1675 1773 αρχοντές
1707 1719 1771 1753 τε
1808 1696 1900 1753 καὶ

304 1779 644 1851 διέποντες,’
619 1807 674 1844 ες
700 1810 731 1841 ο
707 1780 1062 1857 ἐπήβησαν
1088 1784 1143 1841 οἱ
1166 1787 1277 1841 τῶν
1302 1780 1663 1859 ἀπολομένων
1688 1783 1894 1845 παῖδες.
1957 1781 1962 1784 ’

305 1867 492 1927 ἔπειτά
521 1874 705 1943 σφεας
740 1866 894 1928 οὗτοι
937 1868 1309 1945 ἀνακτώμενοι
1352 1869 1535 1929 ὀπίσω
1571 1876 1626 1933 ἐς
1668 1868 1901 1932 ἑωυτούς

303 1952 371 2013 τὸ
387 1952 596 2036 Ἀργος
623 1956 920 2032 ἐξέβαλον·
960 1955 1319 2034 ἐξωθεύμενοι
1347 1957 1407 2016 δὲ
1434 1960 1487 2017 οἱ
1514 1958 1713 2018 δοῦλοι
1743 1957 1902 2037 μάχῃ

305 2041 477 2120 ἔσχον
497 2044 756 2119 Τίρυνθα.
837 2044 972 2107 τέως
994 2044 1099 2120 μὲν
1124 2044 1195 2119 δή
1218 2050 1330 2119 σφι
1352 2044 1427 2121 ἦν
1458 2044 1670 2123 ἄρθμια
1711 2050 1765 2109 ἐς
1800 2045 1906 2112 εἷλε

303 2130 531 2204 λήλους·
575 2133 763 2190 ἔπειτα
789 2130 850 2191 δὲ
875 2135 931 2195 ἐς
955 2132 1082 2195 τούς
1110 2132 1343 2196 δούλους
1364 2133 1508 2208 ἦλθε
1535 2134 1675 2211 ἀνὴρ
1706 2133 1903 2210 μάντις

305 2218 641 2294 Κλέανδρος,
655 2219 817 2297 γένος
844 2218 948 2279 ἐῶν
963 2219 1242 2300 Φιγαλεῦς
1266 2219 1361 2279 ἀπ’
1387 2220 1697 2298 Ἀρκαδίης·
1743 2218 1905 2283 οὗτος

300 2302 429 2367 τούς
463 2304 696 2367 δούλους
730 2304 1006 2386 ἀνέγνωσε
1044 2308 1339 2368 ἐπιθέσθαι
1374 2312 1528 2367 τοῖσι
1564 2306 1898 2385 δεσπότῃσι·

301 2395 364 2449 ἐκ
389 2389 588 2450 τούτου
615 2391 674 2449 δὲ
699 2392 946 2468 πόλεμός
972 2401 1084 2470 σφι
1116 2393 1187 2470 ἢν
1224 2396 1315 2453 ἐπὶ
1350 2393 1553 2472 χρόνον
1588 2391 1815 2471 συχνὸν,
1846 2400 1902 2457 ἐς

301 2478 334 2537 ὃ
375 2476 444 2553 δή
483 2477 650 2560 μόγις
689 2483 742 2539 οῖ
779 2478 1024 2563 Ἀργεῖοι
1066 2480 1469 2560 ἐπεκράτησαν.

379 2562 627 2645 Ἀργεῖοι
660 2568 766 2644 μέν
798 2593 895 2628 νυν
931 2568 1022 2627 δια
1049 2572 1229 2628 ταῦτα
1256 2567 1579 2643 Κλεομένεά
1606 2574 1755 2644 φασι
1788 2596 1893 2647 μα-
1913 2572 1992 2629 84

300 2652 462 2712 νέντα
493 2652 813 2716 ἀπολέσθαι
848 2660 1042 2719 κακῶς·
1084 2654 1243 2715 αὐτοὶ
1279 2656 1339 2715 δὲ
1366 2656 1719 2732 Σπαρτιῆταί
1746 2664 1898 2733 φασι

301 2742 362 2798 ἐκ
402 2740 688 2818 δαιμονίου
725 2746 830 2820 μὲν
861 2742 1079 2807 οὖδενὸς
1112 2746 1354 2820 μανῆναι
1388 2746 1727 2821 Κλεομένεα,
1760 2744 1899 2809 Σκύ-

301 2827 436 2904 θῃσι
469 2829 530 2890 δὲ
559 2828 918 2907 ὁμιλήσαντά
950 2855 1049 2907 μιν
1083 2829 1473 2908 ἀκρητοπότην
1507 2831 1770 2911 γενέσθαι
1807 2832 1899 2890 καὶ

285 2919 360 2971 ’ἐκ
393 2914 596 2975 τούτου
629 2922 890 2994 μανῆναι·
933 2917 1153 2981 Σκύθας
1184 2918 1297 2998 ’γσῖρ
1328 2919 1457 2981 τούς
1488 2918 1746 2995 νομάδας,
1776 2920 1903 2977 ἐπεί

301 3000 362 3057 τέ
386 3006 498 3076 σφι
526 3006 768 3080 Δαρεῖον
789 3006 1068 3080 ἐσβαλεῖν
1096 3010 1151 3067 ἐς
1176 3005 1281 3079 τήν
1306 3005 1507 3083 χώρην,
1536 3006 1678 3081 μετ-εὶ
1717 3009 1895 3065 ταῦτα

301 3089 595 3163 αεμονέναι
627 3116 726 3166 μιν
759 3092 1051 3151 τίσασθαι·
1080 3093 1410 3169 πέμψαντας
1441 3094 1501 3151 δὲ
1528 3099 1583 3155 ἐς
1610 3092 1892 3171 Σπάρτην,

301 3176 642 3254 συμμαχίην·
660 3202 726 3235 τε
763 3177 1054 3237 ποιέεσθαι
1095 3180 1189 3236 καὶ
1228 3180 1592 3239 συντίθεσθαι
1634 3180 1705 3243 ὥς
1728 3181 1899 3259 χρεὸν

298 3260 384 3337 εἴη
421 3260 622 3325 αύτοῦς
658 3266 761 3339 μὲν
799 3263 931 3325 τούς
966 3263 1186 3328 Σκύθας
1223 3267 1375 3343 παραὶ
1415 3270 1601 3327 Φᾶσιν
1641 3268 1899 3344 ποταμόν
