2192 3409
279 63 376 110 380
895 62 1261 129 ἨΡΟΔΟἝΟΤ
1748 63 1873 128 [IX.

279 139 340 204 δὲ
379 142 492 202 πᾶν
535 138 606 202 τὰ
657 139 903 217 ἐναντίον
947 142 1051 200 τοῦ
1100 139 1594 221 προστεταγμένου
1644 143 1878 214 ἐποίεον,

279 226 463 292 ἄλλας
506 254 570 288 τε
609 227 1013 309 κατηγεόμενοί
1044 235 1159 304 σφι
1198 227 1359 292 ὁδούς
1398 227 1674 310 φεύγουσι
1712 229 1772 289 αἳ
1811 230 1880 305 δὴ

280 317 484 393 ἔφερον
531 320 587 380 ἐς
638 315 769 380 τούς
820 315 1138 391 πολεμίους,
1197 316 1292 374 καὶ
1339 316 1506 379 τέλος
1557 315 1720 376 αὐτοί
1767 322 1881 391 σφι

281 403 531 484 ἐγίνοντο
595 403 894 466 κτείνοντες
957 401 1389 479 πολεμιώτατοι.
1473 402 1613 464 οὕτω
1678 402 1746 479 δὴ
1810 404 1881 464 τὰ

279 489 533 568 δεύτερον
557 489 736 564 Ἰωνίη
760 488 874 548 dm?
904 491 1173 565 Περσέων
1198 489 1440 566 ἀπέστη.

189 579 300 636 105
399 576 498 634 Ἐν
539 575 601 634 δὲ
644 574 820 652 ταύτῃ
861 579 936 652 τῇ
987 575 1147 655 μάχῃ
1198 576 1489 652 Ἑλλήνων
1540 577 1883 683 ἠρίστευσαν

277 663 580 740 Ἀθηναῖοι·
655 661 748 722 καὶ
785 659 1109 738 Ἀθηναίων,
1150 662 1498 740 Ερμόλυκος
1536 690 1569 724 ο
1608 665 1880 736 Εὐθύνου,

277 748 416 825 α’νηρ
453 747 799 830 παγκράτιον
835 748 1184 825 ἐπασκήσας·
1224 752 1421 809 τοῦτον
1452 749 1512 808 δὲ
1542 749 1643 810 τᾶν
1676 750 1878 827 Ἑρμό-

199 839 214 854 ‘
275 840 448 896 λυκον
500 836 786 914 κατέλαβε
837 834 1078 913 ὕστερον
1129 835 1352 908 τούτων,
1390 835 1647 912 πολέμου
1692 837 1880 902 ἐόντος

273 921 632 1000 Ἀθηναίοισί
679 949 739 984 τε
801 924 896 984 καὶ
954 925 1348 1002 Καρυστίοισι,
1415 928 1473 984 ἐν
1526 923 1727 1004 Κύρνῳ
1777 928 1881 1000 τῆς

277 1013 603 1088 Καρυστίης
627 1011 812 1091 χώρης
850 1009 1207 1072 ἀποθανόντα
1248 1015 1305 1070 ἐν
1334 1011 1510 1090 μάχῃ,
1540 1013 1763 1072 κεῖσθαι
1787 1013 1880 1072 ἐπὶ

278 1102 580 1178 Γεραιστῷ·
621 1098 766 1174 μετὰ
801 1099 862 1157 δὲ
891 1097 1236 1174 Ἀθηναίους,
1279 1100 1571 1175 Κορίνθιοι
1596 1099 1690 1159 καὶ
1719 1104 1879 1177 Τροι-

278 1186 454 1262 ζήνιοι
479 1186 572 1246 καὶ
599 1184 888 1250 Σικυώνιοι
913 1184 1275 1264 ἠρίστευσαν.

185 1275 298 1332 106
395 1272 561 1334 Ἐπεί
619 1299 682 1333 τε
736 1272 795 1332 δὲ
847 1272 1266 1353 κατεργάσαπο
1320 1274 1375 1331 οἱ
1420 1271 1701 1349 Ἕλληνες
1748 1274 1880 1338 τοῦς

277 1360 548 1432 πολλοῦς,
567 1359 695 1428 τούς
711 1361 818 1438 μὲν
835 1359 1189 1438 μαχομένους
1212 1357 1345 1423 τούς
1372 1359 1433 1417 δὲ
1458 1360 1550 1418 καὶ
1571 1359 1879 1440 φεύγοντας

272 1452 384 1507 τῶν
422 1446 751 1526 βαρβάρων,
790 1446 894 1512 τάς
931 1447 1055 1512 νέας
1098 1447 1408 1523 ἐνέπρησαν
1456 1447 1549 1504 καὶ
1588 1447 1653 1506 τὸ
1692 1451 1879 1526 τεῖχος

275 1533 442 1603 ἅπαν,
484 1534 588 1610 τὴν
625 1534 793 1610 ληΐην
832 1531 1312 1615 προεξαγαγόντες
1352 1537 1408 1596 ἐς
1446 1533 1545 1593 τὸν
1596 1534 1875 1614 αἰγιαλόν·

277 1621 370 1680 καὶ
402 1620 717 1699 θησαυρούς
747 1646 900 1686 τινας
935 1620 1236 1700 χρημάτων
1272 1616 1449 1698 εὗρον·
1492 1621 1879 1699 ἐμπρήσαντες

277 1708 337 1766 δὲ
361 1707 428 1768 vd
453 1711 638 1788 τεῖχος
663 1707 756 1766 καὶ
779 1707 882 1770 τάς
901 1709 1025 1786 νέας
1044 1707 1348 1768 ἀπέπλεον.
1396 1706 1722 1786 ἀπικόμενοι
1742 1707 1848 1768 δὲ’
1821 1733 1878 1773 ες

278 1792 473 1870 Σάμον
492 1819 546 1852 οι
528 1792 855 1868 ’Ἕλληνες,
873 1779 1249 1870 ἐβουλεύοντο
1268 1795 1396 1871 περὶ
1414 1793 1759 1857 ἀναστάσιος
1776 1799 1878 1871 τῆς

239 1940 248 1949 ,
273 1879 496 1954 Ἰωνίης,
523 1880 618 1940 καὶ
641 1877 754 1953 ὅπη
778 1904 947 1956 χρεον
984 1879 1066 1954 εἴη
1098 1883 1201 1954 τῆς
1230 1879 1509 1944 Ἑλλάδος
1542 1882 1875 1952 κατοικίσαι,

275 1971 375 2041 τῆς
412 1964 568 2025 αὐτοὶ
609 1965 897 2046 ἐγκρατέες
934 1962 1102 2040 ἦσαν·
1170 1964 1273 2039 τήν
1313 1965 1372 2022 δὲ
1406 1963 1617 2040 Ἰωνίην
1656 1966 1879 2028 ἀπεῖναι

274 2056 426 2113 τοῖσι
450 2051 823 2130 βαρβάροισι·
865 2050 1135 2130 ἀδύνατον
1164 2051 1274 2131 γάρ
1313 2051 1571 2127 ἐφαίνετό
1597 2059 1709 2129 σφι
1737 2054 1877 2114 εἶναι

277 2139 508 2204 ἑωυτούς
556 2167 621 2201 τε
668 2137 864 2204 Ἰώνων
914 2139 1307 2218 προκατῆσθαι
1360 2139 1732 2216 φρουρέοντας
1776 2141 1877 2204 τὸν

277 2227 458 2290 πάντα
481 2228 703 2308 χρόνον·
745 2227 838 2288 καὶ
863 2229 1073 2287 ἐωυτῶν
1095 2225 1179 2305 μὴ
1210 2226 1654 2304 προκατημένων,
1679 2225 1878 2292 Ἴωνας

277 2316 536 2394 οὐδεμίαν
563 2315 764 2376 ἐλπίδα
790 2314 944 2394 εἶχον
969 2315 1267 2395 χαίροντας
1307 2313 1450 2393 πρός
1473 2319 1583 2376 τῶν
1609 2316 1877 2392 Περσέων

275 2401 643 2473 ἀπαλλάξειν.
724 2403 866 2483 πρὸς
888 2405 1065 2468 ταῦτα
1095 2401 1571 2478 Πελοποννησίων
1593 2404 1698 2478 μὲν
1723 2407 1875 2463 τοῖσι

279 2493 336 2547 ἐν
380 2490 533 2549 τέλεϊ
572 2494 730 2550 ἐοῦσι
769 2487 952 2549 ἐδόκεε
990 2491 1101 2548 τῶν
1140 2486 1492 2570 μηδισάντων
1532 2489 1728 2549 ἐθνέων
1764 2493 1875 2551 τῶν

253 2573 622 2651 ·Ἑλληνικω’“ν
646 2576 718 2636 τά
745 2574 985 2652 ἐμπόρια
1025 2573 1529 2652 ἐξαναστήσαντας,
1558 2575 1747 2636 δοῦναι
1770 2575 1875 2652 τὴν

271 2660 460 2765 χώρην
498 2660 662 2722 Ἴωσι
717 2666 1022 2737 ἐνοικῆσαι·
1061 2661 1413 2738 Ἀθηναίοισι
1453 2662 1513 2721 δὲ
1552 2661 1653 2722 οὐκ
1692 2663 1875 2723 ἐδόκεε

275 2742 472 2849 ἀρχην,
505 2745 716 2822 Ἰωνίην
749 2749 1015 2828 γενέσθαι
1050 2748 1386 2819 ἀνάστατον,
1420 2747 1544 2808 οὐδὲ
1581 2754 1873 2814 Πελοπον-

275 2828 524 2900 νησίοισι
569 2833 697 2908 περὶ
736 2839 846 2893 τῶν
888 2835 1178 2912 σφετέρων
1223 2834 1515 2896 ἀποικιέων
1558 2836 1872 2912 βουλεύειν·

273 2909 678 2974 ἀντιτεινόντων
715 2917 774 2976 δὲ
806 2919 1013 2980 τούτων
1053 2921 1369 2999 προθυμως,
1408 2921 1558 2993 εἶξαν
1596 2927 1651 2983 οἶ
1689 2928 1873 2984 Πελο-

271 2995 582 3066 ποννήσιοι·
631 3002 724 3057 καὶ
760 3027 900 3062 ουτω
937 3005 1006 3080 δή
1044 3008 1290 3082 Σαμίους
1327 3033 1391 3069 τε
1432 3035 1524 3068 και
1565 3011 1739 3075 Χίους
1779 3013 1873 3072 και

271 3079 557 3148 Λεσβίους
609 3084 700 3140 καὶ
756 3087 887 3149 τους
946 3089 1159 3154 ἄλλους
1220 3093 1509 3169 νησιώτας,
1565 3095 1619 3156 Οἳ
1678 3099 1873 3179 ἔτυχον

272 3164 776 3239 συστρατευόμενοι
817 3195 970 3231 τοισι
993 3173 1269 3252 Ἕλλησι,
1310 3185 1367 3243 ἐς
1403 3181 1471 3242 τό
1510 3185 1873 3266 συμμαχικὸν
