2192 3409
327 102 609 167 126—128]
1033 105 1261 153 EPAm.
1824 113 1913 159 111
1930 121 1935 125 ·

323 183 586 262 Ἀμύριος
610 189 713 245 τοῦ
739 190 930 269 σοφοῦ
957 186 1265 267 λεγομένου
1296 185 1447 251 πάῖς·
1475 184 1643 248 ὀὗτοι
1680 192 1785 266 μὲν
1809 190 1926 251 ἀπὸ

321 268 567 347 Ἰταλίης
592 269 792 348 ἦλθον.
873 278 934 333 ἐκ
960 272 1022 331 δὲ
1044 278 1148 333 τοῦ
1175 274 1391 335 κόλπου
1415 277 1517 335 τοῦ
1541 273 1759 346 Ἰονίου,
1784 276 1922 353 Ἀμ-

323 360 644 437 φίμνηστος
682 357 1072 439 Ἐπιστρόφου
1117 360 1472 438 Ἐπιδάμνιος
1487 388 1501 403 ·
1550 360 1710 428 οὗτος
1756 365 1816 423 δὲ
1863 370 1923 423 ἐκ

321 452 423 506 τοῦ
469 446 672 508 Ἰονίου
719 447 952 509 κόλπου.
1033 449 1285 512 Αἰτωλὸς
1332 449 1391 508 δὲ
1438 449 1599 526 ἦλθε,
1645 450 1925 528 Τιτόρμου

321 537 422 593 τοῦ
448 534 799 613 ὖπερφύντος
821 560 884 595 τε
898 535 1190 612 Ἕλληνας
1218 537 1374 615 ἶσχύῖ
1399 537 1491 596 καὶ
1518 537 1796 619 φυγόντος
1826 539 1921 598 ἀν-

325 621 576 698 θρώπους
602 628 656 685 ἐς
681 622 781 685 τάς
807 622 1076 701 ἐσχατιὰς
1099 627 1201 699 τῆς
1226 625 1530 688 Αἰτωλίδος
1568 625 1767 704 χώρης,
1794 626 1921 686 τού·
1994 628 2001 635 ’

322 734 424 769 του
461 714 564 770 τοῦ
595 709 874 786 Τιτόρμου
915 710 1193 787 ἀδελφεός
1229 710 1455 787 Μάλης·
1497 711 1610 772 ‹ia-6
1649 713 1709 773 δὲ
1736 718 1923 773 Πελο-

323 788 626 873 ποννήσου,
681 797 948 862 Φείδωνος
997 802 1099 858 τοῦ
1151 797 1415 879 Ἀργείων
1466 800 1735 878 τυράννου
1788 801 1923 865 πάϊς

322 883 634 961 Λεωκήδης,
680 885 947 949 Φείδωνος
995 886 1056 945 δέ
1100 889 1203 945 τσῦ
1246 886 1320 945 τά
1360 888 1539 965 μέτρα
1579 888 1921 963 ποιήσαντος

324 972 844 1049 Πελοποννησίοισι
871 974 963 1033 καὶ
988 973 1331 1050 ὑβρίσαντος
1354 976 1599 1055 μέγιστα
1625 976 1693 1051 δὴ
1713 976 1923 1051 Ἑλλή-

324 1085 430 1119 νων
454 1059 726 1131 ἀπάντων,
755 1060 818 1125 ὃς
844 1062 1231 1137 ἐξαναστήσας
1270 1062 1399 1125 τοῦς
1434 1063 1673 1123 Ἠλείων
1712 1063 1921 1144 ἀγωνο-

325 1147 487 1210 θέτας
527 1148 692 1212 αὖτὸς
729 1149 829 1209 τόν
864 1154 922 1208 ἐν
946 1150 1237 1229 Ὀλυμπίῃ
1268 1148 1455 1230 ἀγῶνα
1496 1151 1675 1225 ἔθηκε·
1716 1150 1921 1211 τούτου

323 1258 386 1293 τε
431 1234 500 1310 δή
545 1236 691 1307 πάϊς,
740 1237 832 1295 καὶ
874 1236 1173 1312 Ἀμίαντος
1218 1237 1561 1318 Λυκούργου,
1609 1236 1815 1315 Ἀρκάς
1860 1244 1920 1297 ἐκ

323 1324 755 1399 Τραπεζοῦντος·
797 1324 890 1383 καὶ
913 1324 1084 1400 Ἀζὴν
1110 1330 1171 1385 ἐκ
1191 1326 1377 1384 Παίου
1402 1324 1603 1388 πόλιος
1626 1325 1919 1401 Λαφάνης,

322 1408 680 1487 Εὐφορίωνος
702 1416 804 1471 τοῦ
831 1412 1131 1488 δεξαμένου
1153 1438 1219 1473 τε
1252 1411 1349 1490 (ὥς
1375 1411 1546 1493 λόγος
1572 1418 1630 1472 ἐν
1654 1412 1922 1491 Ἀρκαδίῃ

323 1497 571 1577 λέγεται)
595 1498 726 1562 τούς
758 1499 1139 1577 Διοσκούρους
1178 1501 1405 1559 οἰκίοισι
1446 1500 1539 1559 καὶ
1574 1500 1687 1560 ἀπὸ
1720 1499 1923 1559 τούτου

323 1584 755 1652 ξεινοδοκέοντος
779 1586 992 1649 πάντας
1018 1587 1359 1665 ἀνθρώπους·
1401 1588 1493 1647 καὶ
1512 1587 1739 1651 Ἠλεῖος
1762 1586 1921 1647 Ὀνο-

321 1671 541 1747 μαστὸς
564 1672 815 1754 Ἀγαίου·
859 1672 1013 1734 οὗτοι
1047 1677 1152 1751 μὲν
1177 1675 1247 1751 δὴ
1274 1674 1529 1751 ἐξάὖτῆς
1555 1674 1917 1749 Πελοποννή-

324 1783 432 1819 σου
470 1758 662 1841 ἥλθον.
748 1767 809 1821 ἐκ
857 1761 918 1821 δὲ
955 1760 1235 1837 Ἀθηνέων
1277 1762 1543 1823 ἀπίκοντο
1586 1763 1921 1844 Μεγακλέης

321 1872 384 1906 τε
411 1845 443 1905 ὅ
466 1846 846 1925 Ἀλκμαίωνος
879 1849 1080 1909 τούτου
1114 1854 1216 1909 τοῦ
1256 1849 1411 1927 παρὰ
1438 1855 1690 1927 Κροῖσον
1727 1849 1919 1909 ἀπικο-

321 1935 508 2010 μένου,
544 1937 638 1995 καὶ
677 1936 856 2001 ἄλλος
897 1936 1289 2014 Ἱπποκλείδης
1331 1936 1658 2015 Τισάνδρου,
1695 1936 1921 2016 πλούτῳ

323 2022 418 2081 καὶ
458 2023 586 2082 εἴδεΐ
625 2025 923 2100 προφέρων
964 2023 1289 2099 Ἀθηναίων.
1370 2024 1484 2085 «ivd
1527 2026 1587 2084 δὲ
1616 2024 1919 2102 Ἐρετρίης,

324 2107 596 2186 ἀνθεύσης
636 2115 833 2171 τοῦτον
879 2110 980 2171 τᾶν
1024 2111 1247 2190 χρόνον,
1294 2114 1594 2189 Λυσανίης·
1650 2110 1811 2176 οὗτος
1858 2113 1920 2171 δὲ

323 2194 418 2254 ἀπ’
459 2198 710 2273 Εὐβοίης
750 2202 972 2273 μοῦνος·
1055 2204 1117 2258 ἐκ
1158 2200 1217 2259 δὲ
1259 2202 1587 2276 Θεσσαλίης
1624 2200 1768 2276 ἦλθε
1809 2204 1919 2259 τῶν

324 2284 654 2344 Σκοπαδέων
699 2286 1062 2361 Διακτορίδης
1100 2286 1437 2363 Κρανῶνιος·
1478 2292 1540 2347 ἐκ
1580 2287 1640 2345 δὲ
1681 2290 1917 2347 Μολοσ-

322 2373 442 2429 σῶν
471 2369 715 2430 Ἀλκων·
755 2376 1018 2433 τοσοῦτοι
1061 2376 1166 2451 μὲν
1209 2376 1463 2455 ἐγένοντο
1494 2377 1549 2433 οἱ
1581 2378 1918 2449 μνηστῆρες.

321 2455 699 2533 Ἀπικομένων
735 2458 794 2518 δὲ
827 2459 1036 2522 τούτων
1068 2466 1125 2524 ἐς
1152 2462 1256 2536 τὴν
1296 2460 1698 2539 προειρημένην
1739 2459 1869 2537 ἦμέ-
1899 2465 2015 2521 128

319 2568 442 2620 ρην,
469 2544 500 2605 0‘
528 2546 880 2622 Κλεισθένης
912 2554 1107 2625 πρῶτα
1138 2549 1242 2625 μὲν
1267 2548 1367 2611 τοὶς
1392 2548 1605 2624 πάτρας
1640 2574 1704 2607 τε
1742 2547 1919 2608 αὐτῶν

322 2630 626 2693 ἀνεπύθετο
667 2635 759 2693 καὶ
787 2636 948 2715 γένος
974 2634 1231 2698 ἑκάστου·
1272 2636 1415 2713 μετά
1442 2636 1517 2705 δὲ,
1546 2636 1791 2715 κατέχων
1817 2641 1921 2695 ἐνι-

321 2719 488 2779 αυτόν
521 2719 834 2799 διεπειρᾶτο
871 2721 1050 2782 αὐτῶν
1081 2727 1185 2798 τῆς
1207 2748 1270 2783 τε
1294 2723 1663 2804 ἀνδραγαθίης
1697 2724 1789 2783 καὶ
1820 2729 1923 2799 τῆς

319 2804 508 2887 ὄργῆς,
537 2809 630 2867 καὶ
657 2809 980 2874 παιδεύσιός
1003 2836 1066 2869 τε
1093 2811 1186 2869 καὶ
1209 2812 1439 2889 τρόπου·
1478 2812 1571 2870 καὶ
1596 2812 1675 2872 ἑνὶ
1702 2811 1921 2889 ἑκάστῳ

322 2895 416 2953 &av
442 2899 496 2958 ἐς
523 2898 828 2973 συνουσίην
863 2898 956 2956 καὶ
991 2898 1297 2968 συνάπασι,
1326 2899 1419 2957 καὶ
1450 2904 1506 2961 ἐς
1540 2898 1827 2977 γυμνάσιά
1856 2924 1919 2957 τε

320 2981 608 3063 ἐξαγινέων
636 2984 764 3043 ὅσοι
790 2984 942 3059 ἦσαν
967 2984 1149 3052 αὐτῶν
1175 2987 1445 3063 νεώτεροι,
1475 2988 1582 3055 καὶ,
1610 2986 1678 3045 τό
1716 3012 1783 3066 γε
1822 2987 1919 3061 μέ-

317 3094 532 3151 γιστον,
556 3076 615 3131 ἐν
639 3077 710 3149 τῇ
739 3072 1006 3150 συνεστίῃ
1032 3072 1364 3150 διεπειρᾶτο·
1394 3074 1532 3133 ὅσον
1558 3072 1668 3152 γάρ
1697 3077 1919 3152 κατεῖχε

317 3156 524 3234 χρόνον
549 3157 764 3223 αὔτοῦς,
793 3162 992 3218 τοῦτον
1017 3160 1201 3220 πάντα
1228 3162 1406 3221 ἐποίεε
1434 3162 1526 3221 καὶ
1550 3160 1669 3236 ἅμα
1694 3162 1917 3233 ἐξείνιζε

318 3246 799 3323 μεγαλοπρεπέως.
887 3246 980 3303 καὶ
1011 3246 1079 3321 δή
1121 3273 1219 3307 κου
1254 3248 1507 3325 μάλιστα
1530 3253 1641 3310 τῶν
1665 3248 1919 3326 μνηστή-
