2192 3409
251 85 345 134 154
848 84 862 103 “
871 84 1214 131 ΗΡΟΔΟΪΟΤ
1698 86 1847 150 [VII.

253 162 447 232 λακσῖς,
477 162 568 223 καὶ
604 161 914 240 θεραπηίην
949 162 1177 238 πολλήν
1212 188 1274 222 τε
1306 163 1400 222 καὶ
1426 163 1485 223 εὖ
1514 169 1850 242 ἐσκευασμέ-

252 278 370 326 νην·
411 254 544 310 σῖτα
588 250 649 309 δέ
692 258 818 327 σφι,
855 249 1023 331 χωρὶς
1065 255 1175 311 τῶν
1218 250 1413 311 ἄλλων
1454 255 1850 329 στρατιωτέων,

255 340 503 415 κάμηλοί
520 366 584 399 τε
610 339 702 397 καὶ
729 338 1000 419 ὖποζύγια
1027 337 1181 419 ἦγον.

155 430 234 486 84
331 427 574 486 Ἱππεύει
601 428 660 485 δὲ
686 432 861 499 ταῦτα
885 426 958 486 vd
986 429 1162 486 ἔθνεα·
1192 426 1344 503 πλὴν
1371 427 1436 487 οὗ
1461 428 1645 489 πάντα
1664 432 1852 506 παρεί-

248 543 380 594 χετο
424 517 610 585 ἵππον,
653 514 807 573 ἀλλὰ
851 515 1056 573 τοσάδε
1093 520 1295 591 μοῦνα·
1338 516 1564 593 Πέρσαι
1595 520 1713 592 μὲν,
1750 519 1853 593 τὴν

248 604 419 679 αὐτὴν
462 604 864 681 ἐσκευασμένοι
909 603 999 661 καὶ
1045 602 1075 661 ὁ
1120 604 1285 673 πεζὸς
1325 602 1523 663 αὐτῶν·
1564 606 1717 681 πλὴν
1762 608 1851 664 ἐπὶ

247 696 381 770 τῇσι
416 696 705 769 κεφαλῇσι
749 692 902 770 εἶχον
934 692 1281 769 μετεξέτεροι
1310 692 1487 751 αὐτῶν
1516 693 1607 751 καὶ
1635 694 1850 771 χάλκεα

153 784 230 839 85
249 781 340 837 καὶ
376 780 608 856 σιδήρεα
645 780 1025 857 ἐξεληλαμένα
1063 779 1363 855 ποιήματα.
1450 782 1585 839 Εἰσὶ
1624 781 1685 839 δέ
1707 807 1851 845 τινες

248 866 480 944 νομάδες
516 868 794 946 ἅνθρωποι
832 868 1139 949 Σαγάρτιοι
1178 868 1522 945 καλεόμενοι,
1553 869 1707 931 ἔθνος
1745 874 1849 945 μὲν

179 982 208 1007 ο
247 957 532 1034 Περσικὸν
559 959 651 1016 καὶ
680 962 854 1035 φωνῇ,
877 956 1086 1031 σκευὴν
1114 956 1173 1015 δὲ
1197 957 1407 1033 μεταξὺ
1437 958 1631 1036 ἔχουσι
1656 983 1849 1016 πεποι-

243 1046 451 1121 ημένην
477 1050 578 1121 τῆς
603 1072 664 1105 τε
691 1050 977 1123 Περσικῆς
1005 1045 1100 1105 καὶ
1125 1050 1224 1121 τῆς
1246 1049 1587 1121 Πακτυῖκῆς·
1632 1046 1683 1104 οἳ
1706 1074 1845 1123 παρ-

245 1135 462 1212 εἴχοντο
500 1137 605 1211 μὲν
648 1137 817 1195 ἵππον
855 1133 1299 1213 ὀκτακισχιλίην,
1330 1134 1481 1193 ὅπλα
1510 1134 1567 1192 δὲ
1596 1132 1659 1193 οιῗ
1696 1136 1845 1211 νομί-

245 1223 404 1293 ζουσι
431 1225 576 1303 ἔχειν
603 1222 729 1283 οὔτε
767 1224 985 1303 χάλκεα
1027 1222 1154 1282 οὔτε
1195 1221 1445 1298 σιδήρεα,
1476 1223 1574 1291 ἔξω
1618 1228 1842 1303 ἐγχειρι-

243 1310 387 1371 δίων·
428 1314 698 1391 χρέωνται
718 1314 777 1371 δὲ
797 1316 1025 1391 σειρῇσι
1045 1312 1471 1391 πεπλεγμένῃσι
1500 1311 1561 1378 ἐξ
1588 1310 1842 1385 ἱμάντων·

242 1399 480 1477 ταύτῃσι
519 1402 747 1461 πίσυνοι
789 1403 1045 1481 ἔρχονται
1086 1404 1141 1461 ἐς
1177 1396 1447 1474 πόλεμον.
1530 1397 1568 1473 ἦ
1596 1398 1655 1455 δὲ
1686 1400 1843 1477 μάχη

241 1487 448 1546 τούτων
487 1493 597 1547 τῷν
640 1488 848 1565 ἀνδρῶν
889 1488 1005 1564 ἥδε·
1061 1486 1228 1545 ἐπεσῖν
1276 1487 1643 1566 συμμίσγωσι
1690 1492 1843 1551 τοῖσι

240 1576 585 1650 πολεμίοισι,
611 1576 906 1651 βάλλουσι
943 1576 1043 1639 τοὶς
1085 1573 1279 1650 σειροῖς
1307 1572 1389 1631 ἐπ’
1417 1572 1564 1651 ἄκρῳ
1592 1574 1843 1653 βρόχους

243 1661 500 1738 ἐχούσας·
542 1661 668 1721 ὅτευ
708 1662 816 1721 δ’*
781 1690 850 1723 αν
881 1663 1040 1743 τύχῃ,
1067 1662 1137 1739 ἥν
1161 1688 1225 1721 τε
1253 1662 1427 1720 ἵππου
1452 1660 1521 1736 ἤν
1547 1688 1608 1720 τε
1635 1660 1839 1737 ἀνθρώ-

239 1774 365 1819 που,
394 1749 478 1807 ἐπ’
507 1750 706 1810 εωυτόν
748 1752 916 1810 ἕλκει·
959 1755 1010 1810 οἷ
1048 1752 1107 1809 δὲ
1146 1756 1202 1809 ἐν
1241 1750 1426 1825 ἕρκεσι
1470 1749 1840 1824 ἐμπαλασσό-

236 1862 396 1911 μενοι
435 1838 869 1915 διαφθείρονται·
909 1839 1119 1899 τούτων
1154 1841 1258 1914 μὲν
1300 1836 1439 1911 αὕτη
1464 1835 1503 1912 ἦ
1527 1835 1705 1915 μάχη·
1747 1838 1839 1895 καὶ

147 1926 220 1981 86
241 1926 612 2005 ἐπετετάχατο
652 1931 707 1989 ἐς
745 1927 877 1989 τούς
902 1928 1144 2003 Πέρσας.
1232 1924 1424 2001 Μῆδοι
1452 1926 1511 1982 δὲ
1536 1925 1742 2002 τήνπερ
1780 1930 1839 1985 ἐν

239 2016 314 2090 τῷ
337 2014 484 2093 πεζῷ
517 2014 668 2093 εἶχον
705 2014 931 2089 σκευήν·
973 2015 1065 2089 καὶ
1083 2016 1335 2073 ·Κι’σσιοι
1378 2012 1655 2075 ὦσαύτως.
1739 2014 1836 2073 Ἰν-

240 2100 323 2159 δοὶ
351 2101 412 2159 δὲ
437 2106 610 2181 σκευῇ
634 2104 738 2180 μὲν
765 2101 1084 2181 ἐσεσάχατο
1111 2108 1183 2180 τῇ
1203 2102 1344 2181 αὐτῇ
1371 2102 1465 2159 καὶ
1494 2106 1550 2159 ἐν
1576 2107 1651 2179 τῷ
1675 2104 1836 2181 πεζῷ,

239 2188 482 2264 ἤλαυνον
526 2192 584 2249 δὲ
629 2192 865 2267 κέλητας
897 2190 992 2249 καὶ
1029 2188 1270 2267 ἅρματα·
1312 2188 1423 2249 ὖπό
1458 2188 1517 2247 δὲ
1556 2192 1707 2247 τοῖσι
1746 2189 1836 2265 ἅρ-

236 2304 380 2354 μασι
417 2278 642 2357 ὖπῆσαν
688 2280 848 2338 ἵπποι
890 2279 982 2338 καὶ
1017 2278 1135 2339 ὄνοι
1180 2276 1383 2359 ἄγριοι.
1406 2326 1423 2343 .
1470 2276 1737 2351 Βάκτριοι
1778 2278 1837 2335 δὲ

236 2368 588 2429 ἐσκευάδατο·
616 2368 876 2431 ὦσαύτως
912 2368 1004 2425 καὶ
1042 2372 1099 2426 ἐν
1133 2370 1211 2445 τῷ
1244 2366 1406 2443 πεζῷ,
1430 2364 1539 2437 ,καὶ
1582 2364 1835 2423 Κάσπιοι

237 2454 452 2531 ὁμοίως.
537 2458 747 2533 Λίβυες
788 2457 848 2515 δὲ
887 2456 980 2513 καὶ
1021 2454 1177 2513 αὐτοὶ
1211 2452 1458 2529 κατάπερ
1486 2456 1545 2511 ἐν
1569 2455 1647 2529 τῷ
1672 2454 1833 2531 πεζῷ·

233 2541 477 2616 ἤλαυνον
508 2545 566 2603 δὲ
603 2545 694 2603 καὶ
737 2541 891 2603 οὗτοι
932 2542 1133 2604 πάντες
1165 2541 1406 2617 ἅρματα.
1491 2538 1565 2603 ὣς
1591 2538 1635 2597 δ’
1664 2538 1836 2601 αὕτως

237 2630 555 2708 Κάσπειροι
595 2633 686 2690 καὶ
715 2631 1048 2709 Παρικάνιοι
1083 2628 1401 2707 ἐσεσάχατο
1430 2627 1632 2705 ὁμοίως
1660 2627 1750 2684 καὶ
1780 2633 1835 2686 ἐν

233 2720 308 2792 τῷ
343 2720 504 2794 πεζῷ.
585 2718 850 2796 Ἀράβιοι
877 2720 936 2777 δὲ
963 2718 1171 2792 σκευήν
1196 2720 1299 2792 μὲν
1329 2717 1482 2795 εἶχον
1516 2714 1621 2790 τὴν
1663 2714 1835 2789 αὐτήν

233 2800 302 2873 ἣν
345 2802 436 2858 καὶ
479 2808 536 2861 ἐν
577 2809 654 2881 τῷ
694 2807 859 2883 πεζῷ·
901 2803 1147 2879 ἤλαυνον
1190 2804 1249 2861 δὲ
1292 2803 1495 2865 πάντες
1532 2802 1831 2881 καμήλους,

141 2888 214 2943 87
233 2893 516 2965 ταχυτῆτα
559 2888 624 2947 οὖ
666 2893 997 2966 λειπομένας
1045 2892 1244 2949 {ma-av.
1328 2894 1518 2949 Ταῦτα
1560 2916 1632 2947 τα
1677 2888 1833 2946 ἔθνεα

231 2978 412 3043 μοῦνα
453 2975 697 3033 ἵππευεν·
741 2976 974 3052 ἀριθμος
1001 2978 1058 3033 δὲ
1083 2981 1185 3049 τῆς
1211 2977 1387 3035 ἵππου
1430 2978 1647 3056 ἐγένετο
1690 2974 1833 3033 ὀκτω

232 3060 503 3131 μυριάδες,
529 3062 709 3135 πάρεξ
731 3067 840 3120 τῷν
869 3063 1133 3137 καμήλων
1162 3064 1252 3119 καὶ
1279 3067 1387 3120 τῶν
1416 3062 1691 3137 αρμάτωι.
1779 3068 1831 3119 οἱ

231 3142 336 3213 μέν
371 3170 470 3201 νυν
506 3146 730 3203 ἄλλοιε
713 3150 902 3209 ιππέες
939 3148 1238 3225 ἐτετάχατο
1277 3147 1417 3204 κατοῖ
1452 3149 1635 3215 τέλεα,
1666 3146 1828 3220 Ἀρά-

233 3225 354 3296 βιοι
395 3230 454 3285 δὲ
476 3230 726 3305 ,ἔσχατοι
771 3234 1160 3309 ἐπετετάχατο·
1207 3232 1304 3291 ἅτε
1343 3231 1455 3311 γὰρ
1499 3236 1609 3289 τῷν
1649 3232 1829 3289 ἵππων
