2192 3409
0 3302 160 3369 fl..

253 111 342 157 120
854 110 1219 161 ἮΡοΔοτοτ
1688 109 1839 173 [vn.

245 214 409 265 μενος
454 187 584 265 παρ’
631 188 778 267 αὖτῷ
817 190 1091 269 μέγιστον
1132 189 1398 265 Περσέων
1445 186 1763 265 Μαρδόνιος
1811 216 1843 248 ο

247 276 538 354 Γωβρύεω,
594 276 654 339 ὃς
705 276 776 352 ἦν
828 278 1008 355 Ξέρξῃ
1059 280 1163 353 μὲν
1217 276 1441 355 ἀνεψιὸς
1496 277 1735 353 Δαρείου
1786 279 1846 337 δὲ

249 362 531 440 ἀδελφεῆς
554 364 702 435 πάϊς,
721 364 974 425 τοιούτου
999 365 1177 446 λόγου
1206 368 1402 443 εἴχετο,
1425 366 1625 446 λέγων·
1670 373 1704 400 “
1722 367 1843 426 δέσ-

243 478 407 523 ποτα,
435 451 535 511 οὐκ
562 450 709 515 οἰκός
731 456 854 512 ἔστι
871 452 1199 527 Ἀθηναίους
1218 454 1632 533 ἐργασαμένους
1653 453 1845 513 πολλοὶ

243 539 350 615 ἤδη
375 538 519 598 κακαῖ
546 539 792 616 Πέρσας,
819 539 900 616 μή
929 539 992 598 οὗ
1021 540 1211 599 δοῦναι
1238 540 1391 605 δίκας
1416 543 1526 600 τῶν
1552 541 1843 616 ἐποίησαν·

243 625 398 685 ἀλλὰ
434 626 502 686 τὰ
541 629 644 703 μὲν
683 630 780 687 νῦν
817 631 994 688 ταῦτα
1027 625 1314 705 πρήσσοις
1366 628 1543 704 τάπερ
1584 632 1643 688 ἐν
1677 630 1845 707 χερσὶ

243 714 402 792 ἔχεις·
429 714 724 791 ἡμερώσας
743 715 802 773 δὲ
822 714 1109 796 Αἴγυπτον
1132 714 1237 792 τὴν
1262 715 1651 793 ἐξυβρίσασαν
1672 740 1841 793 στρα-

241 801 476 876 τηλάτεε
513 802 606 861 ε’πὶ
640 802 742 866 τσῖς
777 801 1031 879 Ἀθήνας,
1065 802 1155 863 ἵνα
1186 801 1357 885 λόγος
1381 802 1448 861 τέ
1473 829 1543 863 σε
1572 805 1673 881 ἔχῃ
1704 803 1844 882 πρὸς

245 886 546 968 ἀνθρώπων
585 888 796 970 α’,γαθός
836 890 932 950 καί
958 916 1042 954 τις
1071 889 1308 967 ὕστερον
1340 890 1715 967 φυλάσσηται
1754 894 1845 951 ἐπὶ

243 980 352 1057 γῆν
384 978 488 1054 τήν
519 978 632 1054 σὴν
663 976 1121 1056 στρατεύεσθαι.”
1203 976 1366 1041 οὗτος
1402 979 1505 1056 μέν
1534 982 1587 1039 οἶ
1614 977 1645 1038 ὅ
1672 979 1845 1061 λόγος

242 1064 312 1140 ἦν
351 1066 605 1145 τιμωρός·
656 1070 757 1127 τοῦ
798 1066 857 1126 δὲ
897 1065 1072 1147 λόγου
1125 1066 1480 1143 παρενθήκην
1521 1068 1843 1127 ποιεέσκετο

243 1152 420 1231 τήνδε,
452 1153 523 1219 ὦς
557 1154 594 1232 ἦ
627 1153 870 1232 Εὖρῶπη
903 1152 1250 1231 περικαλλῆς
1280 1152 1452 1233 χώρη,
1492 1156 1587 1213 καὶ
1624 1156 1845 1232 δένδρεα

241 1246 479 1303 παντοῖα
507 1244 666 1322 φέρει
688 1242 760 1303 τσῖ
787 1242 984 1321 ἥμερα,
1014 1241 1217 1319 ἀρετήν
1242 1268 1306 1301 τε
1332 1240 1490 1318 ἄκρη,
1515 1244 1759 1319 βασιλέϊ
1782 1270 1843 1303 τε

176 1331 212 1387 6
239 1330 422 1410 μούνῳ
477 1333 688 1407 θνητῶν
743 1330 870 1407 ἀξίη
927 1331 1215 1407 ἐκτῆσθαι.
1299 1334 1487 1391 Ταῦτα
1540 1332 1699 1411 ἔλεγε
1753 1332 1845 1392 οἶα

244 1419 514 1496 νεωτέρων
568 1420 738 1499 ἔργων
784 1417 1129 1495 ἐπιθυμητὴς
1176 1416 1279 1491 εἀῗν
1322 1418 1415 1477 καὶ
1456 1419 1635 1489 θέλων
1679 1417 1843 1483 αὐτὸς

243 1508 340 1579 τῆς
364 1503 640 1567 Ἑλλάδος
657 1578 662 1581 ¹
678 1505 928 1583 ὕπαρχος
961 1506 1114 1579 εἶναι,
1154 1505 1336 1585 ’χρόνῳ
1364 1505 1424 1565 δὲ
1452 1506 1842 1587 κατεργάσατό

242 1616 304 1649 τε
341 1592 434 1649 καὶ
469 1590 726 1651 ἀνέπεισε
761 1592 972 1668 Ξέρξεα
1008 1592 1155 1652 ὥστε
1197 1594 1403 1653 ποιέειν
1438 1598 1631 1654 ταῦτα·
1682 1597 1839 1655 συνέ-

243 1680 396 1754 λαβε
441 1677 550 1757 γοῖρ
598 1678 689 1737 καὶ
735 1676 888 1737 ἄλλα
933 1683 985 1740 οἱ
1031 1680 1309 1760 σύμμαχα
1360 1680 1631 1761 γενόμενα
1679 1688 1732 1747 ἐς
1776 1685 1843 1743 vd

244 1758 540 1825 πείθεσθαῖ
576 1764 804 1840 Ξέρξεα·
852 1771 1019 1827 τοῦτο
1060 1770 1167 1844 μὲν
1212 1768 1325 1829 α’,πὸ
1371 1774 1471 1844 τῆς
1516 1773 1843 1847 Θεσσαλίης

245 1851 396 1929 παρὰ
422 1856 530 1911 τῶν
546 1850 886 1914 Ἀλευαδέων
906 1854 1204 1935 εἰσηγμένοι
1220 1854 1456 1937 ἄγγελοι
1477 1858 1841 1917 ἐπεκαλέοντο

242 1939 512 2015 βασιλέα,
561 1943 754 2001 πᾶσαν
799 1943 1115 2019 προθυμίην
1161 1943 1550 2021 παρεχόμενοι,
1602 1946 1691 2003 ἐπὶ
1737 1944 1841 2021 τήν

174 2015 181 2021 ’
241 2026 513 2087 Ἑλλάδα·
573 2030 628 2087 οἱ
673 2028 732 2103 δὲ
775 2028 1074 2090 Ἀλευάδαι
1118 2026 1270 2107 οὗτοι
1316 2028 1463 2105 ἦσαν
1517 2034 1842 2109 Θεσσαλίης

240 2114 531 2192 βασιλέες.
584 2120 749 2175 τοῦτο
798 2116 857 2175 δὲ
905 2118 1415 2195 Πεισιστρατιδέων
1458 2121 1513 2177 οἱ
1555 2118 1841 2195 α’ναβεβη-

245 2202 398 2267 κότες
452 2207 506 2265 ἐς
561 2205 770 2274 Σοῦσα,
825 2208 936 2265 τῶν
993 2230 1057 2263 τε
1116 2204 1293 2265 αὐτῶν
1347 2206 1531 2286 λόγων
1586 2205 1843 2285 ἐχόμενοι

239 2294 348 2351 τῶν
407 2292 498 2351 καὶ
553 2294 606 2352 οἱ
657 2290 952 2352 Ἀλευάδαι
1015 2294 1107 2353 καὶ
1160 2292 1226 2368 δή
1280 2318 1335 2353 τι
1392 2293 1531 2369 πρός
1590 2294 1841 2354 τούτοισι

240 2380 319 2439 ἔτι
366 2380 543 2441 πλέον
587 2379 1008 2461 προσορέγοντό
1051 2384 1119 2449 οἱ,
1166 2384 1383 2458 ἔχοντες
1422 2380 1841 2459 Ὀνομάκριτον,

240 2467 410 2545 ἄνδρα
427 2468 741 2543 Ἀθηναῖον,
771 2468 1177 2547 χρησμολόγον
1206 2494 1266 2526 τε
1298 2469 1389 2526 καὶ
1416 2468 1674 2545 διαθέτην
1709 2498 1839 2549 χρη-

241 2560 400 2630 σμῶν
425 2560 533 2616 τῶν
561 2556 874 2615 Μουσαίου.
918 2554 1357 2630 ἀναβεβήκεσαν
1383 2556 1491 2635 γάρ
1518 2557 1620 2631 τήν
1644 2559 1842 2636 ἔχθρην

240 2643 815 2718 προκαταλυσάμενοι·
882 2642 1167 2719 ἐξηλάσθη
1214 2643 1321 2723 γὰρ
1370 2643 1477 2703 ὖπᾶ
1532 2643 1842 2724 Ἱππάρχου

239 2733 338 2787 τοῦ
379 2730 792 2806 Πεισιστράτου
826 2729 858 2789 ὅ
890 2728 1292 2809 Ὀνομάκριτος
1325 2732 1386 2801 ἐξ
1422 2731 1721 2808 Ἀθηνέων,
1760 2732 1842 2791 ἐπ’

240 2814 544 2896 αὐτοφώρῳ
571 2817 741 2882 ἆλοῦς
759 2817 872 2879 ὖπό
889 2819 1087 2880 Λάσου
1108 2824 1206 2879 τοῦ
1227 2819 1548 2897 Ἑρμιονέος
1576 2821 1845 2896 ἐμποιέων

241 2909 295 2965 ἐς
325 2904 394 2963 τοὶ
427 2909 723 2969 Μουσαίου
750 2908 1028 2987 χρησμὸν,
1059 2908 1129 2973 ὥς
1166 2911 1223 2966 αἶ
1260 2910 1349 2967 ἐπὶ
1376 2908 1609 2984 Λήμνου
1648 2912 1845 2969 ἐπικεί-

239 3016 402 3063 μεναι
441 2997 608 3068 νῆσοι
648 2994 1010 3070 ἀφανιζοίατο
1055 2997 1195 3054 κατοὶ
1236 3001 1335 3071 τῆς
1380 2993 1702 3071 θαλάσσης·
1758 2996 1842 3054 διὰ

241 3076 486 3149 ἐξήλασέ
523 3106 620 3155 μιν
660 3081 691 3141 ὁ
734 3082 1064 3159 Ἵππαρχος,
1110 3084 1381 3159 πρότερον
1420 3082 1735 3161 χρεώμενος
1774 3083 1846 3139 τοὶ

239 3158 509 3233 μάλιστα.
577 3167 703 3225 τότε
729 3169 788 3225 δὲ
817 3170 1157 3242 συναναβοὶς,
1188 3168 1323 3230 ὅκως
1351 3169 1605 3228 οἷπίκοιτο
1640 3174 1693 3229 ἐς
1714 3168 1845 3245 ὄψιν

241 3247 344 3319 τὴν
381 3242 676 3323 βασιλέος,
717 3252 994 3329 λεγόντων
1021 3253 1673 3328 τῶνΠεισιστρατιδέων
1716 3256 1843 3331 περὶ
