2192 3409
317 92 540 157 27-32]
995 91 1225 142 mum.
1290 84 1292 86 ’
1846 86 1907 140 69

307 180 524 234 εοῦσαν
561 171 870 250 οἶμαρτάδα,
897 172 1249 251 φιλοψυχίην
1284 169 1503 247 τοιήνδε
1540 170 1665 230 τινοῖ
1699 168 1909 248 α’ναιρέ-

317 288 456 321 εται·
525 260 596 323 οἷς
654 260 876 341 φεύγων
924 286 988 319 τε
1041 258 1501 335 κατελαμβάνετο
1553 258 1661 317 ὑπὸ
1716 258 1911 335 οἷνδρὸς

318 351 570 427 Πέρσεω,
615 350 707 407 καὶ
763 346 834 409 ὥς
886 346 1310 423 καταιρεόμενος
1354 345 1445 404 ὑπ’
1490 344 1657 405 αὐτοῦ
1709 348 1911 423 ἔμελλε

317 435 892 517 συγκεντηθήσεσθαι,
921 434 1179 511 Περσίδα
1217 436 1495 514 γλῶσσαν
1532 433 1716 510 μετεὶς
1748 460 1909 493 κατα-

316 549 516 600 μηνυει
543 523 758 593 ἑωυτδν,
790 521 862 587 ὥς
889 523 970 597 εἴη
995 521 1262 585 Ἱστιαῖος
1287 521 1320 581 ὁ
1347 521 1653 597 Μιλήσιος.
1714 526 1786 580 Εἰ
1809 523 1913 599 μέν
1928 524 2005 581 30

317 638 414 671 νυν
439 639 510 675 ως
537 610 821 691 ἐζωγρήθη
849 609 999 689 ἄχθη
1039 608 1314 690 ἀγόμενος
1337 608 1490 685 παρὰ
1516 608 1770 685 βασιλεα
1799 616 1911 667 Δα-

316 703 482 775 ρεῖον,
512 698 544 759 6
573 700 632 758 δὲ
660 696 771 757 οὔτ’
802 696 870 757 ἂν
903 698 1075 758 ἔπαθε
1116 695 1287 757 κακόν
1327 695 1500 767 ουδὲν,
1529 696 1799 757 δοκέειν’
1772 697 1913 783 εμοὶ,

315 786 500 863 οἷπῆκέ
529 786 579 847 τ’
599 786 675 846 ἂν
711 784 858 864 abr&
895 784 1000 861 τήν
1038 788 1239 859 αἰτίην·
1280 788 1379 844 νῦν
1408 784 1471 843 δέ
1499 810 1596 860 μιν
1620 784 1815 845 αὖτῶν
1852 811 1915 845 τε

315 874 522 935 τούτων
567 874 761 944 εἵνεκα,
811 873 904 931 καὶ
948 872 1038 932 ἵνα
1083 898 1165 948 μη
1211 871 1497 953 διαφυγων
1544 871 1697 934 αυτις
1738 876 1915 953 ’μέγας

317 986 470 1037 παρα
512 962 754 1038 βασιλέι
793 961 1036 1041 γένηται,
1073 957 1457 1037 Ἀρταφέρνης
1496 984 1558 1018 τε
1598 958 1630 1017 6
1667 961 1915 1036 Σαρδίων

315 1048 566 1127 ὕπαρχος
594 1050 686 1107 καὶ
721 1048 754 1107 6
782 1048 1000 1122 λαβων
1007 1048 1318 1128 Ἅρπαγος,
1348 1045 1418 1111 ὥς
1454 1046 1681 1107 απίκετο
1713 1046 1911 1128 ἀγόμε-

317 1160 412 1197 νος
437 1141 490 1196 ἐς
519 1134 734 1211 Σάρδις,
763 1135 830 1194 τό
857 1137 960 1211 μὲν
985 1135 1155 1195 αυτοῦ
1195 1160 1363 1211 σωμα
1400 1134 1569 1193 αὐτοῦ
1594 1134 1768 1213 ταύτῃ
1795 1136 1915 1195 οἶνε-

317 1222 671 1298 σταύρωσαν,
690 1222 794 1299 τήν
815 1223 874 1281 δὲ
893 1223 1151 1299 κεφαλήν
1174 1222 1601 1301 ταριχεύσαντες
1626 1222 1915 1297 ἀνήνεικαν

316 1310 470 1387 παροί
509 1311 766 1387 βασιλέα
795 1316 1035 1389 Δαρεῖον
1063 1317 1119 1375 ἐς
1147 1312 1360 1375 Σοῦσα.
1444 1314 1679 1387 Δαρεῖος
1714 1311 1773 1369 δὲ
1812 1338 1913 1371 πυ-

319 1399 550 1476 θόμενος
573 1404 750 1458 ταῦτα
787 1400 878 1458 καὶ
907 1399 1371 1475 ἐπαιτιησάμενος
1395 1424 1523 1461 τους
1546 1402 1741 1459 ταῦτα
1756 1400 1914 1475 ποιή-

317 1512 526 1549 σαντας
573 1487 661 1547 ὅτι
709 1512 807 1563 μιν
849 1486 916 1547 οὗ
957 1486 1167 1558 ζώοντα
1208 1485 1492 1567 ανήγαγον
1539 1492 1593 1550 ἐς
1638 1485 1769 1565 ὄψιν
1812 1487 1915 1563 την

319 1577 537 1644 ἑωυτοῦ,
564 1574 668 1649 τὴν
695 1574 952 1651 κεφαλην
975 1600 1080 1651 την
1104 1574 1371 1634 Ἱστιαίου
1396 1574 1711 1638 λούσαντάς
1734 1601 1797 1635 τε
1824 1575 1915 1635 καὶ

317 1662 779 1737 περιστείλαντας
815 1661 874 1721 εὖ
917 1664 1229 1723 ἐνετεΟιατο
1270 1662 1461 1741 θάψαι,
1492 1662 1562 1725 ὦς
1597 1661 1794 1739 ἅνδρὸς
1818 1688 1913 1740 με·

317 1746 508 1827 γάλως
549 1751 726 1828 ἑωυτῷ
764 1776 826 1810 τε
869 1750 962 1809 καὶ
999 1751 1266 1829 Πέρσῃσι
1310 1749 1618 1831 εὐεργέτεω.
1699 1749 1771 1809 τὰ
1811 1754 1914 1827 μὲν

318 1836 448 1912 περὶ
483 1834 750 1897 Ἱστιαῖον
789 1837 930 1897 οὕτω
967 1839 1123 1916 ἔσχε.

399 1922 466 1983 Ὁ
513 1924 572 1983 δὲ
619 1924 872 1989 ναυτικός
918 1925 1161 2002 στρατός
1207 1923 1240 1983 6
1281 1924 1550 2001 Περσέων
1590 1926 1915 2036 χειμερίσας
1932 1926 2002 1983 31

319 2011 448 2087 περὶ
478 2014 754 2088 Μίλητον,
781 2016 860 2091 τῷ
901 2013 1201 2092 δευτέρω”
1172 2020 1280 2071 ετεῖ
1317 2011 1387 2075 ὥς
1428 2011 1721 2072 ἀνέπλωσε
1760 2013 1929 2089 αιρέει
2054 1973 2125 2066 ⁸

321 2098 583 2163 εὐπετέως
615 2100 718 2163 τᾶς
753 2100 962 2176 νήσους
993 2100 1094 2163 τοὶς
1129 2100 1271 2178 πρὸς
1293 2105 1365 2177 τῇ
1400 2098 1611 2179 ἠπείρῳ
1647 2101 1912 2177 κειμένας,

319 2188 462 2249 Χίον
489 2188 580 2247 καὶ
607 2190 842 2264 Λέσβον
870 2188 961 2246 καὶ
986 2188 1236 2249 Τένεδον.
1320 2188 1459 2251 ὅκως
1484 2190 1543 2247 δὲ
1570 2189 1747 2264 λάβοι
1784 2214 1911 2248 τινα

318 2280 427 2334 τῶν
453 2276 654 2350 νήσων,
685 2275 756 2337 ὥς
781 2274 1022 2351 ἑκάστην
1055 2276 1328 2354 αἱρέοντες
1370 2279 1421 2335 οἶ
1450 2276 1743 2352 βάρβαροι
1786 2280 1914 2333 ἐσα-

317 2361 554 2443 γήνευον
571 2388 701 2425 τους
725 2361 1065 2438 οἷνθρωπους.
1118 2363 1519 2444 (σαγηνευουσι
1548 2363 1606 2420 δὲ
1631 2362 1791 2421 τόνδε
1813 2361 1915 2421 τόν

318 2448 546 2527 τρόπον·
588 2450 730 2528 ἀνὴρ
775 2450 972 2527 ἀνδρὸς
1013 2451 1297 2529 αψάμενος
1336 2456 1436 2527 τῆς
1476 2449 1677 2528 χειρὸς,
1715 2453 1776 2507 ἐκ
1816 2450 1913 2509 θα-

317 2535 546 2613 λάσσης
587 2542 688 2615 τῆς
727 2539 967 2617 βορηίης
1009 2540 1103 2597 ἐπὶ
1144 2538 1247 2614 τὴν
1284 2540 1471 2613 νοτίην
1512 2536 1781 2612 διήκουσι,
1820 2538 1912 2595 καὶ

319 2625 508 2685 ἔπειτα
533 2626 624 2685 διὰ
649 2626 838 2703 πάσης
862 2630 964 2701 τῆς
989 2627 1167 2701 νήσου
1196 2626 1505 2703 διέρχονται
1532 2622 1915 2702 ἐκθηρεύοντες

317 2713 446 2776 τούς
480 2713 844 2795 ἀνθρώπως.)
925 2715 1111 2791 αἵρεον
1148 2714 1205 2771 δὲ
1243 2713 1335 2771 καὶ
1372 2712 1473 2775 τὰς
1514 2716 1573 2772 ἐν
1602 2718 1675 2791 τῇ
1706 2712 1913 2791 ἠπείρῳ

317 2800 520 2864 πόλιας
554 2801 656 2865 wls·
682 2802 864 2865 Ἰάδας
895 2802 1036 2861 κατοὶ
1073 2801 1147 2861 ταῖ
1187 2800 1345 2859 αὐτά·
1386 2799 1540 2875 πλὴν
1574 2800 1673 2859 οὐκ
1710 2800 1913 2879 ἐσαγή-

319 2912 474 2947 νευον
501 2890 631 2953 τούς
661 2889 998 2966 α’νθρῶπους·
1043 2889 1107 2948 οὗ
1134 2888 1244 2969 γάρ
1274 2887 1363 2947 οἶά
1388 2887 1437 2947 τ’
1463 2887 1551 2962 ἦν.
1633 2886 1907 2947 Ἐνθαῦτα
1927 2889 2005 2945 32

319 2977 586 3051 Περσέων
623 2980 676 3036 οἱ
719 2978 1028 3058 στρατηγοὶ
1070 2976 1169 3035 οὐκ
1208 2976 1516 3054 ἐψεύσαντο
1548 2974 1649 3038 τὰς
1682 2973 1918 3036 οἷπειλοῖς

319 3062 418 3126 τὰς
459 3066 850 3141 ἐπηπείλησαν
892 3069 1046 3125 τοῖσι
1082 3064 1246 3123 Ἴωσι
1284 3061 1915 3140 στρατοπεδευομένοισι

318 3153 536 3211 ἐναντία
568 3154 765 3227 σφίσι·
809 3154 880 3217 ὥς
902 3152 1014 3234 γὰρ
1041 3153 1113 3227 δὴ
1140 3151 1523 3229 ἐπεκράτησαν
1546 3153 1657 3210 τῶν
1682 3150 1911 3218 πολίων,

319 3238 520 3301 παῖδάς
541 3265 604 3298 τε
628 3240 758 3304 τούς
783 3240 1194 3301 εὐειδεστάτους
1221 3239 1579 3320 ἐκλεγόμενοι
1618 3238 1915 3314 ἐξέταμνον
