2192 3409
330 84 543 146 69—74]
970 84 1280 132 OTPANIA.
1619 130 1624 135 .
1831 86 1924 136 247

330 162 651 240 οἰκοδόμεον
688 162 781 223 διὰ
819 168 919 223 τοῦ
952 162 1188 239 Ἰσθμοῦ
1223 166 1427 241 τεῖχος·
1469 161 1567 223 ἅτε
1597 163 1658 222 δὲ
1691 164 1928 223 ἐουσέων

326 250 633 327 μυριαδέων
682 251 942 311 πολλέων
992 250 1084 309 καὶ
1131 249 1340 313 παντός
1385 248 1582 326 ἀνδρὸς
1630 251 1924 329 ε’ργαζομέτ·

328 363 446 407 νου,
472 334 636 412 ἤνετο
659 337 725 397 τό
754 338 933 418 ἔργον·
976 338 1068 396 καὶ
1092 337 1204 418 γὰρ
1231 338 1399 408 λίθοι,
1437 338 1529 396 καὶ
1554 338 1796 406 πλίνθοι,
1835 339 1926 396 καὶ
1954 356 1974 367 ‘

330 424 490 495 ξύλα,
520 426 611 483 καὶ
638 427 851 502 φορμοὶ
876 424 1110 503 ψάμμου
1137 423 1378 501 πλήρεες
1404 426 1792 501 ε’σεφορέοντο·
1836 426 1926 483 καὶ

330 512 547 573 ἐλίνυον
588 511 781 571 οὐδένα
813 512 1017 590 χρόνον
1045 515 1100 571 οἱ
1130 510 1522 588 βοηθήσαντες
1557 511 1927 593 ἐργαζόμενοι,

330 598 673 663 οὔτενυκτὸς
698 600 825 659 οὔτε
849 600 1077 677 ἡμέρης.
1163 604 1236 659 Οἱ
1263 600 1322 659 δὲ
1359 600 1721 676 βωθήσαντες
1749 606 1803 663 ἐς
1827 599 1924 659 τὸν
1943 601 2020 660 72

330 686 563 765 Ἰσθμόν
606 688 897 765 πανδημεὶ,
940 688 1055 747 οἵδε
1078 686 1244 762 ἦσαν
1288 687 1604 765 Ἑλλήνων·
1663 688 1930 747 Λακεδαι-

330 774 519 850 μόνιοί
556 802 620 835 τε
672 777 765 835 καὶ
816 774 1081 853 Ἀρκάδες
1131 774 1350 845 πάντες,
1407 777 1496 834 καὶ
1549 775 1797 847 Ἠλεῖοι,
1843 776 1932 835 καὶ

334 864 639 940 Κορίνθιοι,
668 864 761 923 καὶ
796 862 1104 932 Σικυώνιοι,
1131 864 1222 921 καὶ
1251 861 1612 939 Ἐπιδαύριοι,
1641 864 1734 921 καὶ
1759 863 1930 922 Φλιά-

334 976 469 1019 σιοι,
532 951 624 1008 καὶ
682 950 1011 1027 Τροιζήνιοι,
1068 950 1162 1008 καὶ
1215 949 1546 1026 Ἑρμιονέες.
1631 946 1785 1009 οὗτοι
1829 952 1932 1026 μὲν

334 1035 485 1110 ἦσαν
518 1040 573 1095 οἱ
606 1037 997 1112 βοηθήσαντες
1034 1038 1126 1095 καὶ
1161 1037 1664 1115 ὑπεραρρωδέοντες
1697 1042 1770 1116 τῇ
1803 1037 1931 1097 Ἑλ-

336 1122 467 1181 λάδι
483 1124 887 1203 κινδυνευούσῃ·
912 1130 1067 1185 τοῖσι
1082 1126 1142 1184 δὲ
1157 1124 1392 1185 ἄλλοισι
1409 1124 1931 1201 Πελοποννησίοισι

338 1212 503 1287 ἔμελε
528 1210 697 1272 οὐδέν.
782 1210 1073 1290 Ὀλύμπια
1099 1214 1162 1271 δὲ
1187 1214 1280 1271 καὶ
1307 1211 1552 1289 Κάρνεια
1587 1211 1932 1291 παροιχώκεε

335 1298 454 1374 ἤδη.
544 1300 729 1359 Οἷκέει
778 1301 840 1359 δὲ
893 1300 998 1376 τήν
1056 1300 1502 1375 Πελοπόννησον
1562 1301 1720 1361 ἔθνεα
1775 1300 1930 1359 ἑπτά·
1951 1302 2028 1361 73
2079 1346 2084 1349 -

335 1386 545 1446 τούτων
564 1387 622 1447 δὲ
647 1388 720 1447 τοὶ
744 1390 849 1465 μὲν
880 1387 993 1461 δύο,
1024 1387 1340 1466 αὐτόχθονα
1375 1387 1550 1461 ε’όντα,
1582 1388 1723 1446 κατοὶ
1747 1387 1934 1469 χώρην

342 1476 552 1549 ἵδρυται
576 1480 673 1535 νῦν
698 1476 803 1551 τὴν
830 1476 923 1535 καὶ
948 1478 1015 1536 τὰ
1042 1476 1222 1535 πάλαι
1249 1476 1443 1550 οἴκεον,
1467 1475 1730 1553 Ἀρκάδες
1754 1468 1816 1535 τε
1843 1476 1936 1535 καὶ

342 1562 657 1639 Κυνούριοι·
702 1564 759 1621 ἓν
794 1564 855 1622 δὲ
891 1565 1059 1637 ἔθνος,
1098 1563 1166 1623 τό
1200 1563 1482 1641 Ἀχαϊκόν,
1517 1569 1578 1622 ἐκ
1611 1567 1716 1641 μὲν
1751 1568 1936 1622 Πελο-

340 1648 625 1725 ποννήσου
678 1649 779 1709 ὀὐκ
833 1652 1162 1730 ἐξεχώρησε,
1215 1656 1278 1710 ἐκ
1324 1653 1515 1727 μέντοι
1553 1656 1660 1729 τῆς
1709 1655 1936 1711 ἑωυτῶν·

340 1738 485 1795 οἱκέε
531 1737 591 1795 δὲ
636 1738 740 1813 τὴν
780 1738 1104 1815 ἀλλοτρίην.
1186 1739 1258 1799 ταῖ
1301 1740 1362 1798 δὲ
1407 1738 1583 1799 λοιποὶ
1631 1740 1789 1799 ἔθνεα
1827 1744 1938 1799 τῶν

342 1824 483 1883 ἑπταῖ
532 1825 825 1907 [τέσσερα]
886 1827 1137 1903 ἐπήλυδέ
1199 1832 1340 1887 ἐστι·
1425 1828 1661 1904 Δωριέες
1711 1853 1789 1901 τε,
1847 1826 1939 1885 καὶ
1964 1899 1969 1904 “

342 1914 598 1988 Αἰτωλοὶ,
635 1913 727 1973 καὶ
762 1913 1030 1993 Δρύοπες,
1066 1916 1160 1973 καὶ
1200 1913 1456 1990 Λήμνιοι.
1543 1916 1798 1992 Δωριέων
1835 1916 1939 1991 μὲν

342 2003 561 2061 πολλαί
598 2028 661 2062 τε
708 2004 802 2062 καὶ
843 2003 1063 2078 δόκιμοι
1106 2000 1291 2064 πόλις·
1365 2006 1631 2061 Αἰτωλῶν
1675 2002 1734 2061 δὲ
1759 2000 1939 2065 ’ἕῊλις

340 2090 537 2165 μούνη·
580 2090 853 2168 Δρυόπων
888 2091 948 2149 δὲ
980 2089 1250 2167 Ἑρμιόνη
1284 2114 1344 2149 τε
1381 2090 1474 2147 καὶ
1504 2088 1704 2165 Ἀσίνη
1731 2087 1768 2165 ἧ
1799 2088 1939 2165 πρὸς

344 2178 697 2255 Καρδαμύλῃ
728 2182 801 2255 τῇ
832 2181 1143 2256 Λακωνικῇ·
1186 2177 1446 2253 Λημνίων
1477 2177 1538 2235 δὲ
1575 2181 1940 2253 Παρωρεῆται

342 2264 561 2326 πάντες.
624 2268 679 2323 οἱ
704 2265 765 2324 δὲ
793 2264 1091 2341 Κυνούριοι
1119 2264 1451 2343 αὐτόχθονες
1477 2263 1656 2325 ε’όντες
1682 2264 1939 2322 δοκέουσι

342 2354 541 2426 μοῦνοι
582 2349 719 2410 εἶναι
750 2350 953 2414 Ἴωνες·
1010 2352 1444 2430 ἐκδεδωρίευνται
1477 2350 1538 2409 δὲ
1573 2350 1684 2409 ὑπό
1719 2376 1782 2409 τε
1813 2350 1940 2426 Ἀρ-

343 2438 507 2519 γείων
542 2437 849 2517 ροἷρχόμενοι
889 2439 981 2498 καὶ
1018 2444 1120 2499 τοῦ
1159 2439 1382 2519 χρόνου,
1429 2440 1608 2501 ε’όντες
1648 2437 1942 2515 Ὀρνεῆται

345 2526 439 2584 καὶ
464 2528 753 2603 περίοικοι.
804 2526 1012 2587 τούτων
1037 2526 1112 2587 ὧν
1133 2532 1246 2589 τῶν
1255 2526 1411 2586 ’ἑπτὰ
1438 2527 1634 2587 ἐθνέων
1661 2528 1720 2599 αἱ
1745 2524 1942 2583 λοιπαὶ

344 2614 525 2685 πόλις,
552 2615 731 2692 πάρεξ
752 2621 865 2677 τῶν
896 2616 1182 2689 κατέλεξα,
1219 2620 1278 2674 ἐκ
1309 2618 1410 2675 τοῦ
1451 2616 1631 2692 μέσου
1659 2614 1938 2673 ε’κατέατο·

346 2707 395 2761 εἰ
420 2703 479 2762 δὲ
507 2704 803 2780 ἐλευθέρως
822 2704 1007 2773 ἔξεστι
1033 2708 1221 2777 εἰπεῖν,
1241 2708 1301 2761 ἐκ
1319 2706 1421 2763 τοῦ
1445 2704 1626 2779 μέσου
1647 2701 1944 2779 κατήμενοι

348 2790 623 2867 ἐμήδιζον.

428 2882 505 2937 Οἱ
528 2881 631 2954 μὲν
652 2878 719 2954 δὴ
738 2882 795 2937 ἔν
812 2882 890 2957 τῷ
913 2878 1128 2955 Ἰσθμῷ
1145 2875 1376 2954 τοιούτῳ
1393 2875 1544 2953 πόνῳ
1565 2876 1938 2943 συνέστασαν,
1957 2874 2036 2934 74

348 2964 445 3024 ἅτε
476 2965 605 3042 περὶ
636 2970 737 3025 τοῦ
768 2964 977 3027 παντός
1005 2964 1114 3040 ἤδη
1154 2962 1360 3040 δρόμον
1401 2962 1632 3029 θέοντες,
1677 2962 1768 3018 καὶ
1806 2966 1944 3037 τῇσι

348 3053 513 3124 νηυσὶ
550 3052 649 3112 οὐκ
684 3054 999 3123 ἐλπίζοντες
1036 3050 1451 3128 ἐλλάμψεσθαι·
1495 3050 1548 3107 οἱ
1578 3046 1637 3105 δὲ
1669 3051 1727 3106 ἐν
1760 3048 1942 3110 Σαλα-

348 3143 469 3215 μῖνι
492 3140 641 3217 ὁμῶς
671 3144 849 3199 ταῦτα
884 3136 1286 3212 πυνθανόμενοι
1321 3135 1612 3215 ἀρρώδεον,
1659 3132 1757 3193 οὐκ
1805 3132 1944 3191 οὕτω
1986 3206 1992 3211 .

348 3227 478 3304 περὶ
517 3228 697 3303 σφίσι
730 3226 951 3285 αὐτοῖσι
983 3224 1351 3300 δειμαίνοντες
1385 3224 1457 3288 ὦς
1493 3222 1622 3301 περὶ
1655 3224 1728 3300 τῇ
1760 3222 1955 3295 Πελοή
