2192 3409
329 98 609 163 169--17-2]
702 86 707 91 ’
948 98 1318 153 nemum.
1829 99 1918 149 191

324 180 358 239 ὁ
404 180 463 241 δὲ
521 178 792 247 Μίκυθος,
839 178 1050 254 οἰκέτης
1084 178 1208 239 ἐἀῖν
1252 178 1574 248 Ἀναξίλεω,
1630 178 1926 253 ἐπίτροπος

320 265 547 347 Ῥηγίου
610 266 1035 325 καταλέλειπτο·
1107 263 1268 330 οὗτος
1319 265 1502 343 ὅσπερ
1563 265 1811 329 ε’κπεσιόν
1865 270 1926 324 ἐκ

320 352 547 434 Ῥηγίου
579 354 671 411 καὶ
708 347 917 433 Τεγέην
950 351 1055 429 τὴν
1086 351 1369 431 Ἀρκάδων
1411 352 1658 429 οἰκήσας,
1693 352 1928 429 ἀνέθηκε

322 445 380 501 ἐν
404 440 693 517 Ὀλυμπίῃ
719 440 848 503 τούς
874 440 1127 503 πολλοῦς
1168 440 1508 517 ἀνδριάντας.
1589 438 1778 499 Ἀλλαῖ
1815 442 1886 501 vd
1907 443 2013 501 171

320 524 423 598 μὲν
466 520 606 581 καταῖ
645 520 930 599 Ῥηγίνους
968 547 1031 580 τε
1072 522 1166 579 καὶ
1206 522 1572 597 Ταραντίνους
1611 526 1712 580 τοῦ
1750 522 1926 603 λόγου

320 634 419 685 μοι
469 609 789 684 παρενθηκη
830 610 1044 689 γέγονε·
1095 614 1150 672 ε’ς
1197 608 1257 668 δὲ
1303 609 1406 684 τήν
1448 608 1678 686 Κρήτην
1718 614 1925 686 ε’ρημω-

322 698 535 766 θεῖσαν,
558 695 630 759 ὦς
655 696 893 774 λέγουσι
914 696 1202 770 Πραίσιοι,
1229 698 1612 771 ἐσοικίζεσθαιΙ
1629 695 1841 760 ἄλλους
1864 723 1926 757 τε

320 782 642 861 ἀνθρώπους
682 785 775 841 καὶ
821 781 1072 843 ιιᾶλιστα
1102 782 1410 861 Ελληνας·
1464 785 1622 862 τρίτῃ
1665 784 1724 843 δὲ
1762 790 1926 866 γενεῇ

320 897 463 947 μετα
493 873 691 931 Μίνωα
721 870 1138 946 τελευτήσαντα
1177 872 1439 952 γενέσθαι
1472 898 1543 931 τα
1579 872 1814 948 Τρωῖκά·
1867 878 1926 933 ἐν

319 964 471 1019 τοῖσι
514 985 577 1019 ου
625 962 1047 1036 φλαυροτατους
1101 956 1405 1035 φαίνεσθαι
1461 958 1649 1021 ἐόντας
1697 963 1926 1037 Κρῆτας

319 1052 589 1124 τιμωρούς
636 1048 916 1124 Μενελεω·
980 1045 1103 1106 ‹im-2
1154 1046 1362 1107 τούτων
1409 1044 1470 1103 δε
1516 1052 1628 1121 σφι
1681 1046 1924 1107 ἄπονοσ·

319 1133 538 1209 τήσασι
569 1140 629 1193 ἐκ
658 1134 858 1210 Τροίης
888 1133 1060 1209 λιμόν
1083 1158 1148 1194 τε
1175 1133 1268 1191 καὶ
1293 1134 1496 1211 λοιμόν
1522 1134 1801 1215 γενέσθαι,
1830 1136 1923 1193 καὶ

320 1221 543 1281 αὐτοῖσι
586 1221 677 1280 καὶ
719 1225 871 1281 τοῖσι
912 1221 1282 1297 προβάτοισι·
1342 1222 1395 1284 ἔς
1439 1248 1516 1292 τε,
1558 1220 1624 1282 τὸ
1671 1222 1923 1301 δεύτερον

320 1310 697 1385 ἐρημωθείσης
740 1308 984 1385 Κρήτης,
1016 1308 1160 1385 μετοὶ
1193 1313 1304 1369 τῶν
1343 1308 1668 1370 ὑπολοίπων
1706 1311 1924 1388 τρίτους

318 1396 491 1473 αὐτὴν
518 1402 613 1457 νῦν
640 1398 907 1474 νέμεσθαι
944 1400 1192 1474 Κρῆτας.
1260 1395 1300 1472 ἦ
1323 1398 1426 1473 μὲν
1461 1397 1529 1473 δή
1567 1398 1752 1473 Πυθίη
1786 1396 1921 1458 ὕπο-

314 1484 590 1594 ίινήσασα
628 1489 820 1554 ταῦτα,
854 1486 989 1562 ἔσχε
1026 1484 1413 1561 βουλομένους
1451 1485 1733 1561 τιμωρέειν
1769 1489 1924 1547 τοῖσι

334 1576 583 1648 Ελλησι.

401 1660 696 1719 Θεσσαλοὶ
720 1660 781 1718 δὲ
799 1658 909 1719 §vd
930 1658 1232 1741 ἀναγκαίης
1256 1662 1321 1723 τὸ
1349 1665 1568 1738 πρῶτον
1593 1662 1878 1737 ἐμήδισαν,
1900 1662 2014 1721 172

318 1746 392 1809 ὥς
444 1746 686 1816 διέδεξαν
739 1744 826 1807 ὅτι
876 1746 942 1806 οὔ
996 1754 1110 1823 σφι
1163 1747 1358 1823 ἥνδανε
1405 1749 1477 1809 τοὶ
1524 1752 1578 1808 οἱ
1623 1748 1920 1809 Ἀλευάδαι

320 1835 719 1914 ἐμηχανέωντο·
776 1835 900 1895 ε’πεί
935 1860 999 1895 τε
1038 1836 1148 1916 γοὶρ
1191 1837 1482 1896 ε’πυθέατο·
1500 1836 1747 1915 τάχιστα
1783 1838 1918 1913 μέλ-

319 1925 493 1981 λοντα
530 1922 836 1997 διαβαίνειν
860 1923 961 1983 τόν
996 1922 1230 1999 Πέρσην
1257 1927 1312 1985 ἐς
1335 1923 1440 1999 τήν
1463 1922 1754 2001 Εὐρώπην,
1781 1926 1920 2001 πέμ-

318 2036 489 2070 πουσι
530 2014 585 2073 ἐς
623 2010 721 2071 τόν
760 2009 996 2086 Ἰσθμον
1038 2004 1359 2091 ἀγγέλους·
1389 2015 1462 2071 ἐν
1488 2011 1548 2070 δὲ
1588 2014 1666 2091 τῷ
1710 2011 1922 2090 Ἰσθμῷ

316 2096 465 2172 ἦσαν
511 2097 809 2174 αλισμένοι
855 2097 1177 2174 πρόβουλοι
1219 2101 1321 2173 τῆς
1361 2097 1654 2169 Ἑλλαδος,
1695 2099 1920 2179 ἀραιρη-

315 2186 473 2262 μένοι
504 2185 619 2245 ἀπο
654 2190 764 2246 τῶν
800 2186 1013 2246 πολίων
1048 2188 1159 2245 τῶν
1193 2212 1266 2245 τα
1305 2185 1508 2263 ἀμείνω
1535 2188 1920 2264 φρονεουσέων

317 2274 447 2347 περὶ
479 2273 582 2347 τὴν
622 2272 894 2333 Ελλάδα·
937 2272 1264 2350 ἀπικόμενοι
1317 2274 1378 2333 δὲ
1417 2275 1508 2334 ε’πὶ
1546 2273 1773 2337 τούτους
1811 2277 1921 2334 τῶν

318 2364 633 2419 Θεσσαλῶν
660 2363 714 2419 οἶ
740 2360 973 2468 ἄγγελοι
1000 2362 1220 2469 ἔλεγον·
1255 2373 1291 2399 “
1309 2362 1502 2440 ἄνδρες
1517 2361 1810 2435 Ελληνες,
1833 2360 1918 2419 δεῖ

320 2445 728 2519 φυλάσσεσθαι
746 2472 847 2522 την
870 2448 1126 2522 ε’σβολην
1150 2474 1252 2521 την
1271 2446 1692 2523 Ὀλυμπικην,“’
1667 2474 1756 2506 ινα
1775 2454 1920 2507 Θεσ-

319 2534 497 2610 σαλίη
538 2559 599 2593 τε
642 2535 732 2593 καὶ
772 2560 809 2609 η
851 2534 1131 2610 σύμπασα
1171 2533 1210 2613 ᾗ
1240 2533 1454 2597 Ἑλλας
1497 2539 1554 2593 ἐν
1595 2534 1778 2613 σκέπη
1817 2539 1918 2595 τοῦ

316 2623 589 2699 πολέμου·
617 2621 777 2699 ἡμεῖς
793 2622 897 2698 μέν
922 2648 1019 2681 νυν
1045 2622 1261 2698 ἔτοῖμοί
1283 2626 1432 2697 εἰμεν
1458 2622 1918 2698 συμφυλάσσειν·

317 2711 556 2785 πέμπειν
596 2709 656 2769 δὲ
691 2736 803 2789 χρη
831 2711 923 2768 καὶ
958 2709 1130 2787 ὑμέας
1166 2735 1436 2785 στρατιτν
1472 2710 1716 2786 πολλήν·
1759 2710 1844 2783 ὦς,
1873 2715 1922 2771 εἶ

316 2797 397 2873 μὴ
412 2797 677 2903 πεμψετε,
696 2796 1058 2858 ἐπίστασθε
1021 2797 1196 2873 ημέας
1213 2796 1593 2878 ὁμολογήσειν
1606 2825 1682 2877 τῳ
1655 2799 1918 2877 ’“Πέρσῃ·

320 2910 385 2942 ου
422 2884 531 2965 γάρ
571 2910 659 2944 τοι
699 2884 1150 2960 προκατημένους
1183 2887 1426 2943 τοσοῦτο
1458 2886 1568 2961 πρὸ
1603 2890 1705 2959 τῆς
1739 2884 1921 2959 ἄλλης

318 2970 609 3042 Ἑλλάδος,
636 2998 873 3049 μουνους
906 2998 1017 3049 προ
1042 2998 1223 3048 ῑμεων
1249 2972 1334 3031 δεῖ
1357 2971 1696 3032 ἀπολέσθαι.
1776 2972 1918 3046 βοη-

319 3059 463 3119 θέειν
504 3060 564 3119 δὲ
610 3059 676 3120 οὗ
716 3059 1077 3137 βουλόμενοι,
1126 3059 1430 3141 ἀναγκαίην
1475 3059 1610 3136 ἡμῖν
1662 3057 1922 3134 οὐδεμίαν

319 3147 433 3206 οἷοί
478 3148 545 3208 τέ
595 3153 724 3208 ε’στε
776 3147 1140 3224 προσφέρειν·
1199 3146 1415 3223 οὐδαμὰ
1466 3146 1576 3229 γὰρ
1621 3144 1922 3221 ἀδυνασίης

320 3232 533 3315 ἀνάγκη
574 3233 829 3313 κρέσσων
870 3234 995 3309 ἔφυ·
1047 3230 1208 3309 ἡμεῖς
1245 3234 1307 3294 δὲ
1345 3232 1730 3314 πειρησόμεθα
1763 3230 1928 3293 αὐτοί
1983 3292 1986 3297 .

2137 3289 2192 3373 Δ
