2192 3409
329 121 422 169 102
936 118 1302 169 mmmmm·
1798 122 1923 186 [VI.

324 199 574 277 ταλμένα
621 197 969 279 ἀπήγγελλε·
1020 201 1177 257 τοῖσι
1222 197 1283 257 δὲ
1329 197 1453 257 ἕαδε
1503 200 1607 277 μὲν
1660 201 1927 277 βοηθέειν

322 285 690 363 Ἀθηναίοισι,
719 286 960 345 ἀδύνατα
1001 284 1064 344 δέ
1095 291 1210 362 σφι
1236 284 1306 361 ἦν
1330 285 1397 345 τό
1425 288 1736 363 παραυτίκα
1776 291 1927 349 ποιέ-

325 401 406 434 ειν
434 378 610 434 ταῦτα
647 372 711 433 οὗ
736 374 1146 449 βουλομένοισι
1178 373 1333 433 λύειν
1357 374 1457 433 τόν
1484 374 1673 449 νόμον·
1716 374 1787 451 ἦν
1813 377 1926 457 γάρ

327 464 627 538 ἱσταμένου
667 465 768 520 τοῦ
807 461 980 537 μηνός
1023 462 1228 537 εἰνάτη·
1272 460 1457 540 εἰνάτῃ
1486 462 1546 520 δὲ
1580 460 1678 521 οὐκ
1712 464 1923 533 ἐξελεύ-

325 550 533 609 σεσθαι
566 550 803 623 ἔφασαν,
829 547 910 623 μὴ
953 547 1019 607 οιῗ
1057 549 1304 625 πλήρεος
1345 549 1529 611 ἐόντος
1567 554 1668 609 τοῦ
1696 549 1923 609 κύκλου.

233 640 345 697 107
369 634 540 695 Οὗτοι
582 636 687 712 μέν
727 660 824 695 νυν
865 635 970 712 τήν
1012 638 1371 711 πανσέληνον
1418 636 1627 713 ἔμενον·
1670 640 1825 696 τοῖσι
1866 640 1924 697 δὲ

323 723 679 801 βαρβάροισι
727 724 1026 804 κατηγέετο
1068 722 1289 799 Ἱππίης
1332 721 1364 781 ὅ
1408 724 1826 801 Πεισιστράτου
1871 731 1923 789 ἐς

296 876 300 883 ,
323 812 422 871 τὸν
449 812 789 887 Μαραθῶνα,
816 815 918 885 τῆς
955 814 1367 889 παροιχομένης
1406 810 1600 873 νυκτός
1627 811 1757 889 ὄψιν
1796 812 1923 873 ἰδών

326 904 383 957 ἐν
418 902 496 977 τῷ
530 898 680 977 ὕπνῳ
715 898 952 974 τοιήνδε·
995 896 1177 957 ἐδόκεε
1218 897 1248 957 ὁ
1274 898 1495 973 Ἱππίης
1532 902 1605 976 τῇ
1644 901 1813 977 μητρὶ
1851 907 1923 979 τῇ

325 991 526 1048 ἑωυτοῦ
567 989 984 1063 συνευνηθῆναι·
1027 986 1379 1063 συνεβάλετο
1422 984 1497 1046 ὧν
1540 992 1599 1045 ἐκ
1642 990 1743 1046 τοῦ
1785 986 1915 1047 ὄνεί·

324 1102 442 1154 ρου,
489 1074 771 1135 κατελθῶν
817 1080 871 1137 ἐς
914 1074 1014 1138 τὰς
1058 1072 1301 1149 Ἀθήνας
1349 1075 1441 1132 καὶ
1488 1074 1921 1150 ἀνασωσάμενος

327 1164 432 1240 τὴν
471 1163 665 1243 ἀρχὴν,
693 1163 1051 1239 τελευτήσειν
1091 1168 1151 1221 ἐν
1188 1165 1261 1239 τῇ
1303 1165 1503 1220 ἑωυτοῦ
1530 1161 1777 1243 γηραιός.
1862 1170 1921 1221 ἐκ

323 1255 427 1329 μὲν
467 1252 534 1329 δή
575 1256 676 1328 τῆς
714 1251 876 1330 ὅψιος
901 1248 1252 1327 συνεβάλετο
1279 1253 1473 1309 ταῦτα·
1515 1248 1644 1309 τότε
1671 1250 1731 1308 δὲ
1759 1277 1918 1325 κατη-

323 1341 602 1421 γεόμενος,
633 1344 799 1399 τοῦτο
839 1342 943 1417 μὲν
977 1338 1048 1398 ταῖ
1085 1336 1404 1415 ἀνδράποδα
1442 1336 1515 1395 τὰ
1548 1337 1611 1406 ἐξ
1638 1335 1919 1415 Ἐρετρίης

325 1427 588 1503 ἀπέβησε
627 1433 682 1490 ἐς
720 1428 824 1503 τὴν
849 1431 1025 1501 νῆσον
1051 1425 1154 1501 τήν
1182 1425 1447 1502 Στυρέων,
1476 1426 1818 1502 καλεομένην
1858 1427 1917 1484 δὲ

327 1515 634 1593 Αἰγίλειαν·
675 1519 840 1573 τοῦτο
871 1514 932 1572 δὲ
959 1514 1336 1593 καταγομένας
1378 1517 1433 1575 ἐς
1470 1510 1571 1571 τόν
1597 1515 1919 1589 Μαραθῶνα

328 1600 429 1663 τὰς
470 1602 594 1662 νέας
637 1599 834 1677 ὦρμιζε
877 1599 1060 1669 οὕτως,
1107 1600 1382 1675 ἐκβάντας
1426 1626 1489 1661 τε
1538 1605 1593 1663 ἐς
1637 1604 1746 1681 γῆν
1790 1601 1919 1664 τούς

324 1687 658 1765 βαρβάρους
697 1688 978 1747 διέτασσε·
1022 1688 1119 1746 καί
1142 1690 1195 1747 οἱ
1218 1693 1395 1747 ταῦτα
1422 1686 1665 1748 διέποντι
1706 1690 1919 1763 ἐπῆλθε

323 1781 554 1853 πταρεῖν
577 1802 642 1836 τε
667 1777 756 1835 καὶ
783 1776 959 1853 βῆξαι
985 1775 1223 1851 μεζόνως
1248 1774 1285 1851 ἢ
1312 1775 1383 1838 ὥς
1414 1775 1593 1835 ἐώθεε·
1636 1775 1729 1835 οἷα
1770 1777 1831 1835 δέ
1864 1780 1917 1836 οἱ

327 1865 693 1943 πρεσβυτέρῳ
734 1864 878 1923 ἐόντι
902 1868 1014 1923 τῶν
1039 1862 1277 1924 ὀδόντων
1305 1866 1358 1922 οἱ
1382 1867 1616 1927 πλεῦνες
1648 1864 1914 1924 ἐσείοντο·

322 1952 528 2011 τούτων
567 1951 640 2011 ὧν
676 1952 770 2011 ἕνα
803 1955 915 2011 τῶν
947 1950 1185 2011 ὀδόντων
1219 1950 1492 2025 ἐκβάλλει
1517 1951 1627 2011 ὖπό
1652 1952 1787 2028 βίης
1810 1952 1915 2029 βή-

325 2040 442 2109 ξας·
483 2039 814 2102 ἐκπεσόντος
853 2038 913 2097 δὲ
954 2044 1010 2101 ἐς
1047 2039 1152 2114 τὴν
1194 2039 1428 2117 ψάμμον
1458 2039 1644 2110 αὐτοῦ,
1674 2041 1917 2099 ἐποιέετο

326 2127 552 2204 πολλὴν
591 2128 844 2203 σπουδήν
885 2127 1138 2204 ἐξευρεῖν·
1182 2126 1252 2189 ὥς
1278 2127 1339 2185 δὲ
1370 2125 1469 2185 οὐκ
1504 2127 1762 2203 ἐφαίνετό
1802 2132 1856 2187 οἱ
1886 2128 1917 2187 ὁ

323 2214 478 2285 ὀδών,
508 2215 882 2285 ἀναστενάξας
913 2216 1034 2275 εἶπε
1065 2214 1206 2293 πρὸς
1234 2214 1364 2278 τοῦς
1403 2214 1785 2297 παραοπάτας·
1829 2226 1862 2251 “
1878 2215 1917 2292 ἤ

326 2308 400 2385 γῆ
432 2304 531 2381 ἥδε
567 2303 667 2363 οὐκ
691 2303 932 2381 ἡμετέρη
960 2304 1100 2373 ἐστὶ,
1129 2303 1258 2363 οὐδέ
1280 2327 1379 2379 μιν
1404 2301 1759 2380 δυνησόμεθα
1782 2303 1917 2363 ὑπο-

323 2395 535 2471 χειρίην
559 2391 932 2467 ποιήσασθαι·
967 2391 1178 2451 ὁκόσον
1197 2392 1259 2450 δέ
1287 2416 1341 2450 τι
1366 2415 1465 2467 μοι
1491 2392 1661 2469 μέρος
1684 2396 1859 2468 μετῆν
1886 2392 1918 2451 ὁ

234 2483 346 2539 108
361 2480 501 2541 ὁδῶν
526 2478 796 2561 μετέχει.”
851 2481 1072 2556 Ἱππίης
1087 2482 1193 2556 μὲν
1212 2478 1280 2555 δὴ
1300 2478 1477 2557 ταύτῃ
1502 2479 1607 2555 τήν
1633 2478 1765 2558 ὄψιν
1791 2506 1921 2539 συν-

325 2568 566 2642 εβάλετο
607 2569 1014 2645 ἐξεληλυθέναι·
1055 2567 1409 2643 Ἀθηναίοισι
1440 2567 1501 2625 δὲ
1530 2569 1921 2647 τεταγμένοισι

323 2660 381 2713 ἐν
398 2658 612 2731 τεμένεϊ
635 2656 962 2734 Ἡρακλέος,
983 2655 1233 2730 ἐπῆλθον
1257 2654 1594 2731 βοηθέοντες
1610 2655 1925 2718 Πλαταιέες

323 2743 613 2827 πανδημεί.
697 2746 790 2803 καὶ
829 2744 940 2824 γσῖρ
985 2745 1078 2801 καὶ
1119 2741 1455 2801 ἐδεδοίκεσάν
1498 2748 1684 2817 σφεας
1720 2741 1924 2805 αὐτους

324 2834 478 2889 τοῖσι
519 2829 871 2906 Ἀθηναίοισι
917 2833 972 2890 οἱ
1018 2830 1361 2900 Πλαταιέες,ι
1398 2829 1490 2888 καὶ
1534 2828 1737 2892 πόνους
1782 2827 1923 2906 ὖπὲρ

323 2917 502 2978 αὐτῶν
541 2922 596 2978 οἷ
633 2917 920 2993 Ἀθηναῖοι
961 2916 1203 2995 συχνοῦς
1226 2917 1336 2995 ἤδη
1368 2914 1679 2991 ἅναιρέατο·
1723 2916 1925 2976 ἔδοσαν

325 3004 384 3063 δὲ
416 3004 537 3063 ὦδε·
579 3004 922 3080 πιεζεύμενοι
956 3004 1067 3061 ὖπὸ
1093 3004 1360 3078 Θηβαίων
1396 3006 1451 3061 οἱ
1478 3004 1792 3065 Πλαταιέες
1820 3004 1923 3061 ἐδί-

325 3091 500 3150 δοσαν
535 3094 726 3166 πρῶτα
761 3093 1153 3167 παρατυχοῦσι
1180 3088 1495 3164 Κλεομένεΐ
1531 3113 1592 3146 τε
1625 3092 1701 3166 τις
1727 3088 1923 3158 Ἀναξ-

326 3176 584 3250 ανδρίδεω
619 3177 711 3235 καὶ
750 3176 1239 3252 Λακεδαιμονίοισι
1282 3174 1467 3248 σφέας
1507 3172 1726 3236 αὐτούς·
1770 3179 1824 3233 οἱ
1865 3174 1925 3233 δὲ

327 3258 391 3316 οὔ
419 3260 701 3336 δεκόμενοι
725 3260 922 3339 ἔλεγόν
946 3268 1058 3334 σφι
1084 3260 1233 3319 τάδε·
1277 3270 1312 3295 “
1328 3259 1489 3333 ἡμεῖς
1512 3260 1617 3334 μὲν
1644 3262 1925 3337 ἑκαστέρω
