<?xml version="1.0" encoding="UTF-8"?>
<!DOCTYPE html PUBLIC "-//W3C//DTD XHTML 1.0 Transitional//EN"
    "http://www.w3.org/TR/xhtml1/DTD/xhtml1-transitional.dtd">
<html xmlns="http://www.w3.org/1999/xhtml" xml:lang="en" lang="en">
 <head>
  <title>
</title>
<meta http-equiv="Content-Type" content="text/html;charset=utf-8" />
  <meta name='ocr-system' content='tesseract 3.04.00' />
  <meta name='ocr-capabilities' content='ocr_page ocr_carea ocr_par ocr_line ocrx_word'/>
</head>
<body>
  <div class='ocr_page' id='page_1' title='image "./herodotus14herogoog_0022.png"; bbox 0 0 2192 3409; ppageno 0'>
   <div class='ocr_carea' id='block_1_1' title="bbox 204 111 1912 3382">
    <p class='ocr_par' dir='ltr' id='par_1_1' title="bbox 298 111 1911 887">
     <span class='ocr_line' id='line_1_1' title="bbox 307 111 1905 179; baseline 0.001 -16"><span class='ocrx_word' id='word_1_1' title='bbox 307 119 370 164; x_wconf 76' lang='lat'>14</span> <span class='ocrx_word' id='word_1_2' title='bbox 905 114 1277 165; x_wconf 70' lang='lat' dir='ltr'><strong>*HPOAomo‘r</strong></span> <span class='ocrx_word' id='word_1_3' title='bbox 1810 111 1905 179; x_wconf 82' lang='lat' dir='ltr'>[V.</span> 
     </span>
     <span class='ocr_line' id='line_1_2' title="bbox 301 192 1911 277; baseline -0.001 -21"><span class='ocrx_word' id='word_1_4' title='bbox 301 194 626 277; x_wconf 78' lang='grc' dir='ltr'>στρατηγόν</span> <span class='ocrx_word' id='word_1_5' title='bbox 671 194 733 254; x_wconf 60' lang='grc' dir='ltr'>δὲ</span> <span class='ocrx_word' id='word_1_6' title='bbox 776 194 1012 255; x_wconf 76' lang='grc' dir='ltr'>τουτέων</span> <span class='ocrx_word' id='word_1_7' title='bbox 1057 192 1291 264; x_wconf 74' lang='grc' dir='ltr'>ἀπέδεξε</span> <span class='ocrx_word' id='word_1_8' title='bbox 1339 192 1691 275; x_wconf 76' lang='grc' dir='ltr'>Μεγαβάτην</span> <span class='ocrx_word' id='word_1_9' title='bbox 1736 192 1911 270; x_wconf 76' lang='grc' dir='ltr'>ἄνδρα</span> 
     </span>
     <span class='ocr_line' id='line_1_3' title="bbox 304 280 1910 361; baseline -0.002 -18"><span class='ocrx_word' id='word_1_10' title='bbox 304 284 539 361; x_wconf 90' lang='grc' dir='ltr'>Πέρσην</span> <span class='ocrx_word' id='word_1_11' title='bbox 572 286 682 344; x_wconf 73' lang='grc' dir='ltr'>τῶν</span> <span class='ocrx_word' id='word_1_12' title='bbox 716 280 1162 361; x_wconf 80' lang='grc' dir='ltr'>Ἀχαιμενιδέων,</span> <span class='ocrx_word' id='word_1_13' title='bbox 1198 282 1402 341; x_wconf 76' lang='grc' dir='ltr'>ἑωυτοῦ</span> <span class='ocrx_word' id='word_1_14' title='bbox 1436 307 1499 341; x_wconf 88' lang='grc' dir='ltr'>τε</span> <span class='ocrx_word' id='word_1_15' title='bbox 1536 280 1631 340; x_wconf 80' lang='grc' dir='ltr'>καὶ</span> <span class='ocrx_word' id='word_1_16' title='bbox 1668 282 1910 358; x_wconf 82' lang='grc' dir='ltr'>Δαρείου</span> 
     </span>
     <span class='ocr_line' id='line_1_4' title="bbox 302 367 1909 451; baseline -0.003 -20"><span class='ocrx_word' id='word_1_17' title='bbox 302 369 550 451; x_wconf 78' lang='grc' dir='ltr'>α’νεψιόν·</span> <span class='ocrx_word' id='word_1_18' title='bbox 591 373 690 429; x_wconf 80' lang='grc' dir='ltr'>τοῦ</span> <span class='ocrx_word' id='word_1_19' title='bbox 731 368 1059 445; x_wconf 83' lang='grc' dir='ltr'>Παυσανίης</span> <span class='ocrx_word' id='word_1_20' title='bbox 1100 367 1135 429; x_wconf 86' lang='lat'>6</span> <span class='ocrx_word' id='word_1_21' title='bbox 1176 367 1597 445; x_wconf 81' lang='grc' dir='ltr'>Κλεομβρότεω</span> <span class='ocrx_word' id='word_1_22' title='bbox 1639 367 1909 427; x_wconf 84' lang='grc' dir='ltr'>Λακεδαι-</span> 
     </span>
     <span class='ocr_line' id='line_1_5' title="bbox 301 454 1909 538; baseline -0.001 -20"><span class='ocrx_word' id='word_1_23' title='bbox 301 458 510 535; x_wconf 88' lang='grc' dir='ltr'>μόνιος,</span> <span class='ocrx_word' id='word_1_24' title='bbox 540 460 588 517; x_wconf 85' lang='grc' dir='ltr'>εἰ</span> <span class='ocrx_word' id='word_1_25' title='bbox 619 455 686 531; x_wconf 77' lang='grc' dir='ltr'>δὴ</span> <span class='ocrx_word' id='word_1_26' title='bbox 715 454 932 531; x_wconf 72' lang='grc' dir='ltr'>ἀληθής</span> <span class='ocrx_word' id='word_1_27' title='bbox 955 481 1022 538; x_wconf 88' lang='grc' dir='ltr'>γε</span> <span class='ocrx_word' id='word_1_28' title='bbox 1049 456 1177 517; x_wconf 82' lang='grc' dir='ltr'>ε’στὶ</span> <span class='ocrx_word' id='word_1_29' title='bbox 1206 455 1240 516; x_wconf 87' lang='lat'>6</span> <span class='ocrx_word' id='word_1_30' title='bbox 1267 454 1459 537; x_wconf 80' lang='grc' dir='ltr'>λόγος,</span> <span class='ocrx_word' id='word_1_31' title='bbox 1485 455 1703 535; x_wconf 73' lang='grc' dir='ltr'>ὖστέρῳ</span> <span class='ocrx_word' id='word_1_32' title='bbox 1726 456 1909 536; x_wconf 72' lang='grc' dir='ltr'>χρόνῳ</span> 
     </span>
     <span class='ocr_line' id='line_1_6' title="bbox 300 542 1910 624; baseline -0.001 -19"><span class='ocrx_word' id='word_1_33' title='bbox 300 545 511 605; x_wconf 80' lang='grc' dir='ltr'>τούτων</span> <span class='ocrx_word' id='word_1_34' title='bbox 523 542 822 621; x_wconf 77' lang='grc' dir='ltr'>ἡρμόσατο</span> <span class='ocrx_word' id='word_1_35' title='bbox 838 543 1133 624; x_wconf 80' lang='grc' dir='ltr'>θυγατέρα,</span> <span class='ocrx_word' id='word_1_36' title='bbox 1150 544 1327 621; x_wconf 80' lang='grc' dir='ltr'>ἔρωτα</span> <span class='ocrx_word' id='word_1_37' title='bbox 1338 543 1499 622; x_wconf 75' lang='grc' dir='ltr'>σχῶν</span> <span class='ocrx_word' id='word_1_38' title='bbox 1512 548 1616 620; x_wconf 83' lang='grc' dir='ltr'>τῆς</span> <span class='ocrx_word' id='word_1_39' title='bbox 1630 543 1910 609; x_wconf 79' lang='grc' dir='ltr'>Ἑλλάδος</span> 
     </span>
     <span class='ocr_line' id='line_1_7' title="bbox 300 630 1909 713; baseline -0.001 -21"><span class='ocrx_word' id='word_1_40' title='bbox 300 631 566 709; x_wconf 78' lang='grc' dir='ltr'>τύραννος</span> <span class='ocrx_word' id='word_1_41' title='bbox 594 630 879 713; x_wconf 82' lang='grc' dir='ltr'>γενέσθαι.</span> <span class='ocrx_word' id='word_1_42' title='bbox 945 630 1222 701; x_wconf 77' lang='grc' dir='ltr'>ἀποδέξας</span> <span class='ocrx_word' id='word_1_43' title='bbox 1252 630 1313 691; x_wconf 72' lang='grc' dir='ltr'>δὲ</span> <span class='ocrx_word' id='word_1_44' title='bbox 1350 630 1707 712; x_wconf 76' lang='grc' dir='ltr'>Μεγαβάτην</span> <span class='ocrx_word' id='word_1_45' title='bbox 1738 656 1909 707; x_wconf 84' lang='grc' dir='ltr'>στρα-</span> 
     </span>
     <span class='ocr_line' id='line_1_8' title="bbox 299 716 1905 828; baseline -0.002 -49"><span class='ocrx_word' id='word_1_46' title='bbox 299 719 475 828; x_wconf 77' lang='grc' dir='ltr'>τηγόν</span> <span class='ocrx_word' id='word_1_47' title='bbox 519 717 919 796; x_wconf 80' lang='grc' dir='ltr'>Ἀρτᾶφέρνης,</span> <span class='ocrx_word' id='word_1_48' title='bbox 959 716 1265 779; x_wconf 69' lang='grc' dir='ltr'>ἀπέστειλε</span> <span class='ocrx_word' id='word_1_49' title='bbox 1309 716 1409 780; x_wconf 82' lang='grc' dir='ltr'>τὸν</span> <span class='ocrx_word' id='word_1_50' title='bbox 1462 718 1708 796; x_wconf 78' lang='grc' dir='ltr'>στρατὸν</span> <span class='ocrx_word' id='word_1_51' title='bbox 1754 719 1905 795; x_wconf 68' lang='grc' dir='ltr'>παρὰ</span> 
     </span>
     <span class='ocr_line' id='line_1_9' title="bbox 298 804 854 887; baseline -0.006 -20"><span class='ocrx_word' id='word_1_52' title='bbox 298 806 399 867; x_wconf 75' lang='grc' dir='ltr'>τὸν</span> <span class='ocrx_word' id='word_1_53' title='bbox 422 804 854 887; x_wconf 75' lang='grc' dir='ltr'>Ἀρισταγόρεα.</span> 
     </span>
    </p>

    <p class='ocr_par' dir='ltr' id='par_1_2' title="bbox 204 891 1909 3079">
     <span class='ocr_line' id='line_1_10' title="bbox 204 891 1909 1002; baseline 0.001 -50"><span class='ocrx_word' id='word_1_54' title='bbox 204 896 281 952; x_wconf 87' lang='grc'>33</span> <span class='ocrx_word' id='word_1_55' title='bbox 383 894 756 972; x_wconf 87' lang='grc' dir='ltr'>Παραλαβων</span> <span class='ocrx_word' id='word_1_56' title='bbox 775 891 893 953; x_wconf 81' lang='grc' dir='ltr'>δὲ</span> <span class='ocrx_word' id='word_1_57' title='bbox 861 920 894 953; x_wconf 92' lang='grc' dir='ltr'>ο</span> <span class='ocrx_word' id='word_1_58' title='bbox 924 892 1278 974; x_wconf 83' lang='grc' dir='ltr'>Μεγαβάτης</span> <span class='ocrx_word' id='word_1_59' title='bbox 1304 896 1365 952; x_wconf 77' lang='grc' dir='ltr'>ἐκ</span> <span class='ocrx_word' id='word_1_60' title='bbox 1390 896 1493 968; x_wconf 80' lang='grc' dir='ltr'>τῆς</span> <span class='ocrx_word' id='word_1_61' title='bbox 1519 891 1784 1002; x_wconf 84' lang='grc' dir='ltr'>Μιλήτου</span> <span class='ocrx_word' id='word_1_62' title='bbox 1808 891 1909 953; x_wconf 89' lang='grc' dir='ltr'>τόν</span> 
     </span>
     <span class='ocr_line' id='line_1_11' title="bbox 297 978 1907 1063; baseline 0.001 -22"><span class='ocrx_word' id='word_1_63' title='bbox 297 1007 361 1041; x_wconf 88' lang='grc' dir='ltr'>τε</span> <span class='ocrx_word' id='word_1_64' title='bbox 398 980 810 1063; x_wconf 81' lang='grc' dir='ltr'>Ἀρισταγόρεα</span> <span class='ocrx_word' id='word_1_65' title='bbox 856 979 950 1040; x_wconf 79' lang='grc' dir='ltr'>καὶ</span> <span class='ocrx_word' id='word_1_66' title='bbox 990 1006 1098 1056; x_wconf 90' lang='grc' dir='ltr'>την</span> <span class='ocrx_word' id='word_1_67' title='bbox 1134 979 1292 1040; x_wconf 82' lang='grc' dir='ltr'>Ἰάδα</span> <span class='ocrx_word' id='word_1_68' title='bbox 1332 1005 1607 1058; x_wconf 82' lang='grc' dir='ltr'>στρατιην</span> <span class='ocrx_word' id='word_1_69' title='bbox 1646 978 1739 1039; x_wconf 81' lang='grc' dir='ltr'>καὶ</span> <span class='ocrx_word' id='word_1_70' title='bbox 1776 978 1907 1043; x_wconf 76' lang='grc' dir='ltr'>τοῦς</span> 
     </span>
     <span class='ocr_line' id='line_1_12' title="bbox 299 1066 1911 1146; baseline 0 -19"><span class='ocrx_word' id='word_1_71' title='bbox 299 1069 562 1140; x_wconf 81' lang='grc' dir='ltr'>Ναξίους,</span> <span class='ocrx_word' id='word_1_72' title='bbox 605 1070 770 1129; x_wconf 81' lang='grc' dir='ltr'>ἔπλεε</span> <span class='ocrx_word' id='word_1_73' title='bbox 808 1066 1103 1146; x_wconf 82' lang='grc' dir='ltr'>πρόφασιν</span> <span class='ocrx_word' id='word_1_74' title='bbox 1143 1066 1231 1127; x_wconf 77' lang='grc' dir='ltr'>ἐπ’</span> <span class='ocrx_word' id='word_1_75' title='bbox 1261 1066 1717 1145; x_wconf 84' lang='grc' dir='ltr'>Ελλησπόντου.</span> <span class='ocrx_word' id='word_1_76' title='bbox 1786 1068 1911 1127; x_wconf 79' lang='grc' dir='ltr'>ἐπεί</span> 
     </span>
     <span class='ocr_line' id='line_1_13' title="bbox 297 1154 1907 1239; baseline -0.001 -22"><span class='ocrx_word' id='word_1_77' title='bbox 297 1182 359 1217; x_wconf 85' lang='grc' dir='ltr'>τε</span> <span class='ocrx_word' id='word_1_78' title='bbox 391 1156 450 1217; x_wconf 88' lang='grc' dir='ltr'>δε</span> <span class='ocrx_word' id='word_1_79' title='bbox 482 1157 699 1239; x_wconf 81' lang='grc' dir='ltr'>ἐγένετο</span> <span class='ocrx_word' id='word_1_80' title='bbox 727 1161 786 1217; x_wconf 78' lang='grc' dir='ltr'>ἐν</span> <span class='ocrx_word' id='word_1_81' title='bbox 817 1156 1011 1237; x_wconf 68' lang='grc' dir='ltr'>Χίφ,”</span> <span class='ocrx_word' id='word_1_82' title='bbox 980 1180 1118 1236; x_wconf 88' lang='grc' dir='ltr'>εσχε</span> <span class='ocrx_word' id='word_1_83' title='bbox 1142 1154 1244 1219; x_wconf 81' lang='grc' dir='ltr'>τοὶς</span> <span class='ocrx_word' id='word_1_84' title='bbox 1268 1181 1396 1220; x_wconf 86' lang='grc' dir='ltr'>νεας</span> <span class='ocrx_word' id='word_1_85' title='bbox 1422 1160 1479 1220; x_wconf 79' lang='grc' dir='ltr'>ἐς</span> <span class='ocrx_word' id='word_1_86' title='bbox 1510 1155 1806 1225; x_wconf 81' lang='grc' dir='ltr'>Καύκασα,</span> <span class='ocrx_word' id='word_1_87' title='bbox 1836 1154 1907 1216; x_wconf 77' lang='grc' dir='ltr'>ὥς</span> 
     </span>
     <span class='ocr_line' id='line_1_14' title="bbox 300 1242 1905 1325; baseline -0.004 -19"><span class='ocrx_word' id='word_1_88' title='bbox 300 1247 551 1307; x_wconf 78' lang='grc' dir='ltr'>ἐνθεῦτεν</span> <span class='ocrx_word' id='word_1_89' title='bbox 584 1246 766 1325; x_wconf 80' lang='grc' dir='ltr'>βορέῃ</span> <span class='ocrx_word' id='word_1_90' title='bbox 798 1243 980 1325; x_wconf 66' lang='grc' dir='ltr'>ἀνέμῳ</span> <span class='ocrx_word' id='word_1_91' title='bbox 1013 1249 1070 1309; x_wconf 78' lang='grc' dir='ltr'>ές</span> <span class='ocrx_word' id='word_1_92' title='bbox 1108 1242 1216 1321; x_wconf 77' lang='grc' dir='ltr'>τήν</span> <span class='ocrx_word' id='word_1_93' title='bbox 1249 1242 1446 1314; x_wconf 85' lang='grc' dir='ltr'>Νάξον</span> <span class='ocrx_word' id='word_1_94' title='bbox 1482 1242 1769 1319; x_wconf 85' lang='grc' dir='ltr'>διαβάλοι·</span> <span class='ocrx_word' id='word_1_95' title='bbox 1812 1243 1905 1301; x_wconf 80' lang='grc' dir='ltr'>καὶ</span> 
     </span>
     <span class='ocr_line' id='line_1_15' title="bbox 298 1329 1903 1414; baseline -0.001 -21"><span class='ocrx_word' id='word_1_96' title='bbox 298 1332 364 1393; x_wconf 75' lang='grc' dir='ltr'>οὗ</span> <span class='ocrx_word' id='word_1_97' title='bbox 405 1335 516 1414; x_wconf 70' lang='grc' dir='ltr'>γὰρ</span> <span class='ocrx_word' id='word_1_98' title='bbox 557 1334 673 1395; x_wconf 85' lang='grc' dir='ltr'>ἔδεε</span> <span class='ocrx_word' id='word_1_99' title='bbox 712 1332 890 1413; x_wconf 73' lang='grc' dir='ltr'>τούτῳ</span> <span class='ocrx_word' id='word_1_100' title='bbox 928 1336 1007 1413; x_wconf 68' lang='grc' dir='ltr'>τῷ</span> <span class='ocrx_word' id='word_1_101' title='bbox 1044 1332 1239 1411; x_wconf 73' lang='grc' dir='ltr'>στόλῳ</span> <span class='ocrx_word' id='word_1_102' title='bbox 1280 1330 1527 1401; x_wconf 79' lang='grc' dir='ltr'>Ναξίους</span> <span class='ocrx_word' id='word_1_103' title='bbox 1564 1329 1903 1401; x_wconf 77' lang='grc' dir='ltr'>ἀπολέσθαι,</span> 
     </span>
     <span class='ocr_line' id='line_1_16' title="bbox 297 1416 1904 1502; baseline 0 -22"><span class='ocrx_word' id='word_1_104' title='bbox 297 1426 535 1501; x_wconf 86' lang='grc' dir='ltr'>πρῆγμα</span> <span class='ocrx_word' id='word_1_105' title='bbox 585 1421 800 1483; x_wconf 87' lang='grc' dir='ltr'>τοιόνδε</span> <span class='ocrx_word' id='word_1_106' title='bbox 851 1421 1192 1501; x_wconf 77' lang='grc' dir='ltr'>συνηνείχθη</span> <span class='ocrx_word' id='word_1_107' title='bbox 1242 1418 1530 1502; x_wconf 83' lang='grc' dir='ltr'>γενέσθαι·</span> <span class='ocrx_word' id='word_1_108' title='bbox 1596 1416 1904 1497; x_wconf 81' lang='grc' dir='ltr'>περιϊόντος</span> 
     </span>
     <span class='ocr_line' id='line_1_17' title="bbox 299 1504 1905 1588; baseline 0.002 -21"><span class='ocrx_word' id='word_1_109' title='bbox 299 1505 656 1588; x_wconf 84' lang='grc' dir='ltr'>Μεγαβάτεω</span> <span class='ocrx_word' id='word_1_110' title='bbox 699 1506 800 1571; x_wconf 69' lang='grc' dir='ltr'>τὰς</span> <span class='ocrx_word' id='word_1_111' title='bbox 846 1508 940 1565; x_wconf 84' lang='grc' dir='ltr'>ε’πὶ</span> <span class='ocrx_word' id='word_1_112' title='bbox 983 1510 1095 1567; x_wconf 77' lang='grc' dir='ltr'>τῶν</span> <span class='ocrx_word' id='word_1_113' title='bbox 1138 1513 1277 1570; x_wconf 79' lang='grc' dir='ltr'>νεῶν</span> <span class='ocrx_word' id='word_1_114' title='bbox 1324 1505 1601 1585; x_wconf 70' lang='grc' dir='ltr'>φυλακὰς,</span> <span class='ocrx_word' id='word_1_115' title='bbox 1643 1506 1736 1567; x_wconf 74' lang='grc' dir='ltr'>ἐπὶ</span> <span class='ocrx_word' id='word_1_116' title='bbox 1780 1504 1905 1570; x_wconf 77' lang='grc' dir='ltr'>νεός</span> 
     </span>
     <span class='ocr_line' id='line_1_18' title="bbox 299 1591 1903 1672; baseline 0.001 -18"><span class='ocrx_word' id='word_1_117' title='bbox 299 1594 548 1671; x_wconf 84' lang='grc' dir='ltr'>Μυνδίης</span> <span class='ocrx_word' id='word_1_118' title='bbox 595 1595 754 1672; x_wconf 79' lang='grc' dir='ltr'>ἔτυχε</span> <span class='ocrx_word' id='word_1_119' title='bbox 803 1591 980 1657; x_wconf 75' lang='grc' dir='ltr'>οὐδεὶς</span> <span class='ocrx_word' id='word_1_120' title='bbox 1026 1594 1365 1668; x_wconf 85' lang='grc' dir='ltr'>φυλάσσων·</span> <span class='ocrx_word' id='word_1_121' title='bbox 1420 1595 1453 1656; x_wconf 91' lang='lat'>6</span> <span class='ocrx_word' id='word_1_122' title='bbox 1507 1596 1567 1656; x_wconf 81' lang='grc' dir='ltr'>δὲ</span> <span class='ocrx_word' id='word_1_123' title='bbox 1618 1593 1796 1657; x_wconf 85' lang='grc' dir='ltr'>δεινόν</span> <span class='ocrx_word' id='word_1_124' title='bbox 1846 1620 1903 1657; x_wconf 91' lang='grc' dir='ltr'>τι</span> 
     </span>
     <span class='ocr_line' id='line_1_19' title="bbox 297 1678 1904 1759; baseline -0.001 -17"><span class='ocrx_word' id='word_1_125' title='bbox 297 1680 694 1759; x_wconf 84' lang='grc' dir='ltr'>ποιησάμενος,</span> <span class='ocrx_word' id='word_1_126' title='bbox 731 1680 995 1741; x_wconf 77' lang='grc' dir='ltr'>ἐκέλευσε</span> <span class='ocrx_word' id='word_1_127' title='bbox 1029 1678 1160 1743; x_wconf 78' lang='grc' dir='ltr'>τούς</span> <span class='ocrx_word' id='word_1_128' title='bbox 1200 1680 1546 1759; x_wconf 80' lang='grc' dir='ltr'>δορυφόρους</span> <span class='ocrx_word' id='word_1_129' title='bbox 1585 1682 1904 1759; x_wconf 78' lang='grc' dir='ltr'>ἐξευρόντας</span> 
     </span>
     <span class='ocr_line' id='line_1_20' title="bbox 298 1766 1901 1850; baseline -0.002 -19"><span class='ocrx_word' id='word_1_130' title='bbox 298 1770 396 1832; x_wconf 84' lang='grc' dir='ltr'>τόν</span> <span class='ocrx_word' id='word_1_131' title='bbox 423 1769 670 1850; x_wconf 76' lang='grc' dir='ltr'>ἄρχοντα</span> <span class='ocrx_word' id='word_1_132' title='bbox 692 1766 899 1843; x_wconf 80' lang='grc' dir='ltr'>ταύτης</span> <span class='ocrx_word' id='word_1_133' title='bbox 921 1772 1025 1845; x_wconf 81' lang='grc' dir='ltr'>τῆς</span> <span class='ocrx_word' id='word_1_134' title='bbox 1051 1766 1187 1841; x_wconf 58' lang='lat' dir='ltr'>vtae,</span> <span class='ocrx_word' id='word_1_135' title='bbox 1218 1771 1297 1848; x_wconf 70' lang='grc' dir='ltr'>τῷ</span> <span class='ocrx_word' id='word_1_136' title='bbox 1322 1766 1534 1843; x_wconf 80' lang='grc' dir='ltr'>οὔνομα</span> <span class='ocrx_word' id='word_1_137' title='bbox 1557 1768 1628 1843; x_wconf 85' lang='grc' dir='ltr'>ἦν</span> <span class='ocrx_word' id='word_1_138' title='bbox 1656 1768 1901 1839; x_wconf 79' lang='grc' dir='ltr'>Σκύλαξ,</span> 
     </span>
     <span class='ocr_line' id='line_1_21' title="bbox 299 1854 1902 1937; baseline -0.001 -20"><span class='ocrx_word' id='word_1_139' title='bbox 299 1862 498 1918; x_wconf 83' lang='grc' dir='ltr'>τοῦτον</span> <span class='ocrx_word' id='word_1_140' title='bbox 523 1857 695 1937; x_wconf 66' lang='grc' dir='ltr'>δῆσαι</span> <span class='ocrx_word' id='word_1_141' title='bbox 719 1854 812 1917; x_wconf 76' lang='grc' dir='ltr'>διὰ</span> <span class='ocrx_word' id='word_1_142' title='bbox 837 1856 1119 1933; x_wconf 76' lang='grc' dir='ltr'>θαλαμίης</span> <span class='ocrx_word' id='word_1_143' title='bbox 1150 1854 1439 1918; x_wconf 83' lang='grc' dir='ltr'>διελόντας</span> <span class='ocrx_word' id='word_1_144' title='bbox 1466 1858 1569 1929; x_wconf 79' lang='grc' dir='ltr'>τῆς</span> <span class='ocrx_word' id='word_1_145' title='bbox 1594 1854 1731 1924; x_wconf 80' lang='grc' dir='ltr'>νεὸς,</span> <span class='ocrx_word' id='word_1_146' title='bbox 1760 1855 1902 1916; x_wconf 71' lang='grc' dir='ltr'>κατὰ</span> 
     </span>
     <span class='ocr_line' id='line_1_22' title="bbox 296 1941 1902 2021; baseline -0.002 -16"><span class='ocrx_word' id='word_1_147' title='bbox 296 1948 481 2015; x_wconf 81' lang='grc' dir='ltr'>τοῦτο,</span> <span class='ocrx_word' id='word_1_148' title='bbox 510 1945 612 2016; x_wconf 79' lang='grc' dir='ltr'>ἔξω</span> <span class='ocrx_word' id='word_1_149' title='bbox 635 1946 740 2021; x_wconf 87' lang='grc' dir='ltr'>μεν</span> <span class='ocrx_word' id='word_1_150' title='bbox 765 1944 1023 2019; x_wconf 79' lang='grc' dir='ltr'>κεφαλὴν</span> <span class='ocrx_word' id='word_1_151' title='bbox 1047 1946 1339 2007; x_wconf 75' lang='grc' dir='ltr'>ποιεῦντας</span> <span class='ocrx_word' id='word_1_152' title='bbox 1371 1943 1483 2001; x_wconf 81' lang='grc' dir='ltr'>ἔσω</span> <span class='ocrx_word' id='word_1_153' title='bbox 1520 1941 1580 2000; x_wconf 83' lang='grc' dir='ltr'>δὲ</span> <span class='ocrx_word' id='word_1_154' title='bbox 1611 1941 1679 2001; x_wconf 80' lang='grc' dir='ltr'><em>τό</em></span> <span class='ocrx_word' id='word_1_155' title='bbox 1716 1946 1902 2018; x_wconf 76' lang='grc' dir='ltr'>σῶμα·</span> 
     </span>
     <span class='ocr_line' id='line_1_23' title="bbox 299 2028 1903 2117; baseline -0.002 -24"><span class='ocrx_word' id='word_1_156' title='bbox 299 2032 550 2097; x_wconf 81' lang='grc' dir='ltr'>δεθέντος</span> <span class='ocrx_word' id='word_1_157' title='bbox 577 2032 636 2092; x_wconf 84' lang='grc' dir='ltr'>δὲ</span> <span class='ocrx_word' id='word_1_158' title='bbox 661 2034 762 2091; x_wconf 79' lang='grc' dir='ltr'>τοῦ</span> <span class='ocrx_word' id='word_1_159' title='bbox 791 2029 1099 2117; x_wconf 57' lang='grc' dir='ltr'>Σψλακος,</span> <span class='ocrx_word' id='word_1_160' title='bbox 1128 2030 1462 2112; x_wconf 74' lang='grc' dir='ltr'>ἐξαγγέλλει</span> <span class='ocrx_word' id='word_1_161' title='bbox 1487 2054 1571 2092; x_wconf 88' lang='grc' dir='ltr'>τις</span> <span class='ocrx_word' id='word_1_162' title='bbox 1599 2030 1677 2108; x_wconf 77' lang='grc' dir='ltr'>τῷ</span> <span class='ocrx_word' id='word_1_163' title='bbox 1712 2028 1903 2107; x_wconf 84' lang='grc' dir='ltr'>Ἀρισ-</span> 
     </span>
     <span class='ocr_line' id='line_1_24' title="bbox 297 2116 1909 2200; baseline -0.003 -20"><span class='ocrx_word' id='word_1_164' title='bbox 297 2118 512 2200; x_wconf 85' lang='grc' dir='ltr'>ταγόρῃ</span> <span class='ocrx_word' id='word_1_165' title='bbox 543 2120 630 2181; x_wconf 81' lang='grc' dir='ltr'>ὅτι</span> <span class='ocrx_word' id='word_1_166' title='bbox 667 2117 770 2180; x_wconf 75' lang='grc' dir='ltr'>τᾶν</span> <span class='ocrx_word' id='word_1_167' title='bbox 805 2116 984 2190; x_wconf 80' lang='grc' dir='ltr'>ξεῖνόν</span> <span class='ocrx_word' id='word_1_168' title='bbox 1025 2121 1079 2177; x_wconf 80' lang='grc' dir='ltr'>οἱ</span> <span class='ocrx_word' id='word_1_169' title='bbox 1119 2118 1219 2179; x_wconf 78' lang='grc' dir='ltr'>τὸν</span> <span class='ocrx_word' id='word_1_170' title='bbox 1260 2116 1512 2178; x_wconf 80' lang='grc' dir='ltr'>Μύνδιον</span> <span class='ocrx_word' id='word_1_171' title='bbox 1552 2116 1909 2197; x_wconf 70' lang='grc' dir='ltr'>Μεγαβάτης</span> 
     </span>
     <span class='ocr_line' id='line_1_25' title="bbox 299 2203 1899 2285; baseline -0.003 -17"><span class='ocrx_word' id='word_1_172' title='bbox 299 2205 478 2285; x_wconf 86' lang='grc' dir='ltr'>δήσας</span> <span class='ocrx_word' id='word_1_173' title='bbox 496 2206 841 2285; x_wconf 79' lang='grc' dir='ltr'>λυμαίνοιτο·</span> <span class='ocrx_word' id='word_1_174' title='bbox 869 2231 902 2265; x_wconf 96' lang='grc' dir='ltr'>ο</span> <span class='ocrx_word' id='word_1_175' title='bbox 887 2204 970 2265; x_wconf 69' lang='grc' dir='ltr'>’δ’</span> <span class='ocrx_word' id='word_1_176' title='bbox 986 2206 1167 2267; x_wconf 87' lang='grc' dir='ltr'>ε’λθων</span> <span class='ocrx_word' id='word_1_177' title='bbox 1182 2206 1512 2285; x_wconf 74' lang='grc' dir='ltr'>παραιτέετο</span> <span class='ocrx_word' id='word_1_178' title='bbox 1529 2203 1629 2265; x_wconf 77' lang='grc' dir='ltr'>τᾶν</span> <span class='ocrx_word' id='word_1_179' title='bbox 1649 2206 1899 2282; x_wconf 81' lang='grc' dir='ltr'>Πέρσην,</span> 
     </span>
     <span class='ocr_line' id='line_1_26' title="bbox 298 2291 1902 2376; baseline -0.002 -21"><span class='ocrx_word' id='word_1_180' title='bbox 298 2294 589 2376; x_wconf 87' lang='grc' dir='ltr'>τυγχάνων</span> <span class='ocrx_word' id='word_1_181' title='bbox 615 2294 675 2353; x_wconf 72' lang='grc' dir='ltr'>δὲ</span> <span class='ocrx_word' id='word_1_182' title='bbox 707 2291 929 2357; x_wconf 80' lang='grc' dir='ltr'>οὖδενὸς</span> <span class='ocrx_word' id='word_1_183' title='bbox 959 2297 1070 2355; x_wconf 74' lang='grc' dir='ltr'>τῶν</span> <span class='ocrx_word' id='word_1_184' title='bbox 1095 2294 1281 2355; x_wconf 80' lang='grc' dir='ltr'>ἐδέετο</span> <span class='ocrx_word' id='word_1_185' title='bbox 1306 2292 1475 2359; x_wconf 78' lang='grc' dir='ltr'>αὖτός</span> <span class='ocrx_word' id='word_1_186' title='bbox 1506 2293 1685 2354; x_wconf 74' lang='grc' dir='ltr'>ε’λθῶν</span> <span class='ocrx_word' id='word_1_187' title='bbox 1714 2294 1902 2354; x_wconf 82' lang='grc' dir='ltr'>ἔλυσε·</span> 
     </span>
     <span class='ocr_line' id='line_1_27' title="bbox 298 2380 1901 2464; baseline 0.001 -23"><span class='ocrx_word' id='word_1_188' title='bbox 298 2382 612 2461; x_wconf 85' lang='grc' dir='ltr'>πυθόμενος</span> <span class='ocrx_word' id='word_1_189' title='bbox 637 2382 696 2443; x_wconf 80' lang='grc' dir='ltr'>δὲ</span> <span class='ocrx_word' id='word_1_190' title='bbox 722 2380 900 2460; x_wconf 84' lang='grc' dir='ltr'>κάρτα</span> <span class='ocrx_word' id='word_1_191' title='bbox 924 2380 1104 2443; x_wconf 75' lang='grc' dir='ltr'>δεινὰν</span> <span class='ocrx_word' id='word_1_192' title='bbox 1133 2381 1445 2459; x_wconf 79' lang='grc' dir='ltr'>ἐποιήσατο</span> <span class='ocrx_word' id='word_1_193' title='bbox 1472 2381 1505 2443; x_wconf 94' lang='lat'>6</span> <span class='ocrx_word' id='word_1_194' title='bbox 1532 2380 1901 2464; x_wconf 85' lang='grc' dir='ltr'>Μεγαβάτης,</span> 
     </span>
     <span class='ocr_line' id='line_1_28' title="bbox 300 2467 1905 2551; baseline 0 -22"><span class='ocrx_word' id='word_1_195' title='bbox 300 2472 392 2531; x_wconf 86' lang='grc' dir='ltr'>καὶ</span> <span class='ocrx_word' id='word_1_196' title='bbox 425 2472 734 2551; x_wconf 81' lang='grc' dir='ltr'>ἐσπέρχετο</span> <span class='ocrx_word' id='word_1_197' title='bbox 768 2473 846 2549; x_wconf 73' lang='grc' dir='ltr'>τῷ</span> <span class='ocrx_word' id='word_1_198' title='bbox 867 2467 1273 2551; x_wconf 75' lang='grc' dir='ltr'>Ἀρισταγόρῃ·</span> <span class='ocrx_word' id='word_1_199' title='bbox 1314 2469 1347 2531; x_wconf 84' lang='lat'>6</span> <span class='ocrx_word' id='word_1_200' title='bbox 1382 2470 1443 2529; x_wconf 83' lang='grc' dir='ltr'>δὲ</span> <span class='ocrx_word' id='word_1_201' title='bbox 1480 2469 1619 2529; x_wconf 79' lang='grc' dir='ltr'>εἶπε·</span> <span class='ocrx_word' id='word_1_202' title='bbox 1662 2479 1699 2507; x_wconf 89' lang='grc'><strong>“</strong></span> <span class='ocrx_word' id='word_1_203' title='bbox 1714 2470 1811 2530; x_wconf 83' lang='grc' dir='ltr'>σοὶ</span> <span class='ocrx_word' id='word_1_204' title='bbox 1845 2469 1905 2529; x_wconf 80' lang='grc' dir='ltr'>δὲ</span> 
     </span>
     <span class='ocr_line' id='line_1_29' title="bbox 302 2555 1905 2639; baseline 0.001 -23"><span class='ocrx_word' id='word_1_205' title='bbox 302 2559 394 2616; x_wconf 85' lang='grc' dir='ltr'>καὶ</span> <span class='ocrx_word' id='word_1_206' title='bbox 432 2559 687 2619; x_wconf 79' lang='grc' dir='ltr'>τούτοισι</span> <span class='ocrx_word' id='word_1_207' title='bbox 725 2561 879 2618; x_wconf 88' lang='grc' dir='ltr'>τοῖσι</span> <span class='ocrx_word' id='word_1_208' title='bbox 917 2556 1219 2639; x_wconf 78' lang='grc' dir='ltr'>πρήγμασι</span> <span class='ocrx_word' id='word_1_209' title='bbox 1256 2558 1318 2617; x_wconf 86' lang='grc' dir='ltr'>τί</span> <span class='ocrx_word' id='word_1_210' title='bbox 1352 2562 1511 2627; x_wconf 87' lang='grc' dir='ltr'>ε’στι;</span> <span class='ocrx_word' id='word_1_211' title='bbox 1556 2556 1623 2617; x_wconf 73' lang='grc' dir='ltr'>οὔ</span> <span class='ocrx_word' id='word_1_212' title='bbox 1664 2560 1734 2618; x_wconf 75' lang='grc' dir='ltr'>σὲ</span> <span class='ocrx_word' id='word_1_213' title='bbox 1772 2555 1905 2619; x_wconf 80' lang='grc' dir='ltr'>άπέ-</span> 
     </span>
     <span class='ocr_line' id='line_1_30' title="bbox 299 2643 1903 2723; baseline 0 -16"><span class='ocrx_word' id='word_1_214' title='bbox 299 2649 494 2707; x_wconf 83' lang='grc' dir='ltr'>στειλε</span> <span class='ocrx_word' id='word_1_215' title='bbox 529 2643 916 2723; x_wconf 82' lang='grc' dir='ltr'>Ἀρταφέρνης</span> <span class='ocrx_word' id='word_1_216' title='bbox 951 2646 1082 2722; x_wconf 78' lang='grc' dir='ltr'>ἐμέο</span> <span class='ocrx_word' id='word_1_217' title='bbox 1118 2646 1435 2715; x_wconf 86' lang='grc' dir='ltr'>πείθεσθαι,</span> <span class='ocrx_word' id='word_1_218' title='bbox 1469 2645 1561 2704; x_wconf 80' lang='grc' dir='ltr'>καὶ</span> <span class='ocrx_word' id='word_1_219' title='bbox 1596 2646 1792 2706; x_wconf 86' lang='grc' dir='ltr'>πλέειν</span> <span class='ocrx_word' id='word_1_220' title='bbox 1831 2655 1903 2723; x_wconf 87' lang='grc' dir='ltr'>τῇ</span> 
     </span>
     <span class='ocr_line' id='line_1_31' title="bbox 299 2731 1905 2814; baseline 0 -22"><span class='ocrx_word' id='word_1_221' title='bbox 299 2731 369 2794; x_wconf 78' lang='grc' dir='ltr'>ἂν</span> <span class='ocrx_word' id='word_1_222' title='bbox 401 2732 510 2814; x_wconf 69' lang='grc' dir='ltr'>ἐγώ</span> <span class='ocrx_word' id='word_1_223' title='bbox 551 2731 793 2803; x_wconf 78' lang='grc' dir='ltr'>κελεύω;</span> <span class='ocrx_word' id='word_1_224' title='bbox 833 2735 895 2794; x_wconf 86' lang='grc' dir='ltr'>τί</span> <span class='ocrx_word' id='word_1_225' title='bbox 928 2733 1126 2793; x_wconf 82' lang='grc' dir='ltr'>πολλοὶ</span> <span class='ocrx_word' id='word_1_226' title='bbox 1164 2733 1444 2811; x_wconf 86' lang='grc' dir='ltr'>πρήσσεις</span> <span class='ocrx_word' id='word_1_227' title='bbox 1462 2732 1526 2802; x_wconf 82' lang='grc'>;”</span> <span class='ocrx_word' id='word_1_228' title='bbox 1565 2735 1745 2793; x_wconf 82' lang='grc' dir='ltr'>ταῦτα</span> <span class='ocrx_word' id='word_1_229' title='bbox 1786 2733 1905 2793; x_wconf 81' lang='grc' dir='ltr'>εἶπε</span> 
     </span>
     <span class='ocr_line' id='line_1_32' title="bbox 297 2820 1905 2903; baseline -0.001 -22"><span class='ocrx_word' id='word_1_230' title='bbox 297 2820 728 2903; x_wconf 83' lang='grc' dir='ltr'>Ἀρισταγόρης·</span> <span class='ocrx_word' id='word_1_231' title='bbox 769 2820 803 2883; x_wconf 90' lang='lat'>6</span> <span class='ocrx_word' id='word_1_232' title='bbox 839 2822 901 2883; x_wconf 77' lang='grc' dir='ltr'>δὲ</span> <span class='ocrx_word' id='word_1_233' title='bbox 935 2821 1209 2901; x_wconf 83' lang='grc' dir='ltr'>θυμωθεὶς</span> <span class='ocrx_word' id='word_1_234' title='bbox 1245 2821 1519 2892; x_wconf 77' lang='grc' dir='ltr'>τούτοισι,</span> <span class='ocrx_word' id='word_1_235' title='bbox 1552 2820 1624 2884; x_wconf 74' lang='grc' dir='ltr'>ὥς</span> <span class='ocrx_word' id='word_1_236' title='bbox 1654 2820 1757 2892; x_wconf 78' lang='grc' dir='ltr'>νύξ</span> <span class='ocrx_word' id='word_1_237' title='bbox 1791 2822 1905 2903; x_wconf 81' lang='grc' dir='ltr'>ε’·γέ-</span> 
     </span>
     <span class='ocr_line' id='line_1_33' title="bbox 299 2907 1909 2989; baseline 0.002 -19"><span class='ocrx_word' id='word_1_238' title='bbox 299 2936 444 2981; x_wconf 88' lang='grc' dir='ltr'>νετο,</span> <span class='ocrx_word' id='word_1_239' title='bbox 493 2909 705 2987; x_wconf 81' lang='grc' dir='ltr'>ἔπεμπε</span> <span class='ocrx_word' id='word_1_240' title='bbox 749 2914 806 2974; x_wconf 77' lang='grc' dir='ltr'>ἐς</span> <span class='ocrx_word' id='word_1_241' title='bbox 858 2909 1053 2981; x_wconf 86' lang='grc' dir='ltr'>Νάξον</span> <span class='ocrx_word' id='word_1_242' title='bbox 1098 2909 1281 2989; x_wconf 75' lang='grc' dir='ltr'>πλοίῳ</span> <span class='ocrx_word' id='word_1_243' title='bbox 1326 2907 1527 2987; x_wconf 75' lang='grc' dir='ltr'>ἄνδρας</span> <span class='ocrx_word' id='word_1_244' title='bbox 1582 2907 1909 2985; x_wconf 84' lang='grc' dir='ltr'>φράσοντας</span> 
     </span>
     <span class='ocr_line' id='line_1_34' title="bbox 299 2996 1907 3079; baseline -0.001 -23"><span class='ocrx_word' id='word_1_245' title='bbox 299 3001 454 3058; x_wconf 78' lang='grc' dir='ltr'>τοῖσι</span> <span class='ocrx_word' id='word_1_246' title='bbox 488 2998 759 3069; x_wconf 86' lang='grc' dir='ltr'>Ναξίοισι</span> <span class='ocrx_word' id='word_1_247' title='bbox 793 2997 978 3059; x_wconf 86' lang='grc' dir='ltr'>πάντα</span> <span class='ocrx_word' id='word_1_248' title='bbox 1009 2997 1083 3059; x_wconf 71' lang='grc' dir='ltr'>τὰ</span> <span class='ocrx_word' id='word_1_249' title='bbox 1118 2996 1399 3075; x_wconf 88' lang='grc' dir='ltr'>παρεόντα</span> <span class='ocrx_word' id='word_1_250' title='bbox 1430 3003 1547 3075; x_wconf 87' lang='grc' dir='ltr'>σφι</span> <span class='ocrx_word' id='word_1_251' title='bbox 1580 2996 1907 3079; x_wconf 84' lang='grc' dir='ltr'>πρήγματα·</span> 
     </span>
    </p>

    <p class='ocr_par' dir='ltr' id='par_1_3' title="bbox 209 3085 1912 3342">
     <span class='ocr_line' id='line_1_35' title="bbox 209 3085 1910 3165; baseline 0.001 -22"><span class='ocrx_word' id='word_1_252' title='bbox 209 3085 284 3143; x_wconf 81' lang='lat'>34</span> <span class='ocrx_word' id='word_1_253' title='bbox 305 3086 379 3142; x_wconf 77' lang='grc' dir='ltr'>Οἱ</span> <span class='ocrx_word' id='word_1_254' title='bbox 411 3111 522 3165; x_wconf 84' lang='grc' dir='ltr'>γαρ</span> <span class='ocrx_word' id='word_1_255' title='bbox 555 3085 630 3147; x_wconf 80' lang='grc' dir='ltr'>ὧν</span> <span class='ocrx_word' id='word_1_256' title='bbox 669 3086 875 3157; x_wconf 87' lang='grc' dir='ltr'>Νάξιοι</span> <span class='ocrx_word' id='word_1_257' title='bbox 909 3085 1073 3149; x_wconf 82' lang='grc' dir='ltr'>ουδὲν</span> <span class='ocrx_word' id='word_1_258' title='bbox 1108 3085 1327 3151; x_wconf 86' lang='grc' dir='ltr'>πάντως</span> <span class='ocrx_word' id='word_1_259' title='bbox 1365 3086 1775 3163; x_wconf 85' lang='grc' dir='ltr'>προσεδέκοντο</span> <span class='ocrx_word' id='word_1_260' title='bbox 1817 3086 1910 3145; x_wconf 77' lang='grc' dir='ltr'>ἐπὶ</span> 
     </span>
     <span class='ocr_line' id='line_1_36' title="bbox 303 3173 1911 3256; baseline 0.002 -25"><span class='ocrx_word' id='word_1_261' title='bbox 303 3173 489 3247; x_wconf 86' lang='grc' dir='ltr'>σφέας</span> <span class='ocrx_word' id='word_1_262' title='bbox 519 3174 620 3235; x_wconf 81' lang='grc' dir='ltr'>τόν</span> <span class='ocrx_word' id='word_1_263' title='bbox 644 3174 860 3237; x_wconf 85' lang='grc' dir='ltr'>στόλον</span> <span class='ocrx_word' id='word_1_264' title='bbox 887 3180 1086 3238; x_wconf 80' lang='grc' dir='ltr'>τοῦτον</span> <span class='ocrx_word' id='word_1_265' title='bbox 1112 3173 1491 3256; x_wconf 79' lang='grc' dir='ltr'>ὁρμήσεσθαι·</span> <span class='ocrx_word' id='word_1_266' title='bbox 1512 3174 1657 3235; x_wconf 79' lang='grc' dir='ltr'>ἐπεὶ</span> <span class='ocrx_word' id='word_1_267' title='bbox 1690 3176 1795 3251; x_wconf 85' lang='grc' dir='ltr'>μέν</span> <span class='ocrx_word' id='word_1_268' title='bbox 1818 3200 1911 3235; x_wconf 88' lang='grc' dir='ltr'>τοι</span> 
     </span>
     <span class='ocr_line' id='line_1_37' title="bbox 305 3258 1912 3382; baseline 0.002 -65"><span class='ocrx_word' id='word_1_269' title='bbox 305 3258 594 3331; x_wconf 80' lang='grc' dir='ltr'>ἔπυθοντο,</span> <span class='ocrx_word' id='word_1_270' title='bbox 622 3262 820 3324; x_wconf 77' lang='grc' dir='ltr'>αὐτίκα</span> <span class='ocrx_word' id='word_1_271' title='bbox 858 3267 959 3332; x_wconf 81' lang='grc' dir='ltr'>μὲν</span> <span class='ocrx_word' id='word_1_272' title='bbox 991 3265 1343 3327; x_wconf 82' lang='grc' dir='ltr'>ἐσενείκαντο</span> <span class='ocrx_word' id='word_1_273' title='bbox 1378 3290 1451 3325; x_wconf 94' lang='grc' dir='ltr'>τα</span> <span class='ocrx_word' id='word_1_274' title='bbox 1484 3266 1546 3323; x_wconf 77' lang='grc' dir='ltr'>ἐκ</span> <span class='ocrx_word' id='word_1_275' title='bbox 1582 3266 1693 3324; x_wconf 79' lang='grc' dir='ltr'>τῶν</span> <span class='ocrx_word' id='word_1_276' title='bbox 1726 3260 1912 3382; x_wconf 83' lang='grc' dir='ltr'>οἷγρῶν</span> 
     </span>
    </p>
   </div>
   <div class='ocr_carea' id='block_1_2' title="bbox 17 3314 208 3377">
    <p class='ocr_par' dir='ltr' id='par_1_4' title="bbox 17 3314 208 3377">
     <span class='ocr_line' id='line_1_38' title="bbox 17 3314 208 3377; baseline 0 0"><span class='ocrx_word' id='word_1_277' title='bbox 17 3314 208 3377; x_wconf 47' lang='grc' dir='ltr'><strong><em>ῃ</em></strong></span> 
     </span>
    </p>
   </div>
  </div>
 </body>
</html>
