2192 3409
295 102 510 166 74-78]
900 83 1279 172 J'zAAAxonn.
1715 115 1721 120 ·
1790 97 1885 150 31⁷

290 180 420 242 τούς
462 179 764 256 Ἕλληνας,
811 182 986 239 ἐοῦσα
1031 178 1301 254 παλλακὴ
1355 175 1737 254 Φαρανδάτεος
1787 180 1889 236 τοῦ

291 267 586 336 Τεάσπιος,
608 265 805 344 α’νδρός
829 266 1080 343 Πέρσεω,
1105 266 1513 342 κοσμησαμένη
1532 268 1724 343 χρυσῴ
1746 267 1885 324 πολ-

290 357 375 432 λῷ
409 355 504 412 καὶ
537 353 677 428 αὗτῆ
711 353 803 410 καὶ
828 356 894 412 ἀἱ
927 352 1267 429 ἀμφίπολοι,
1296 353 1389 411 καὶ
1425 354 1623 426 ἐσθῆτι
1658 355 1728 428 τῇ
1756 353 1889 408 καλ-

289 443 466 519 >kun-27
489 444 601 501 τῶν
625 441 994 517 παρεουσέων,
1017 443 1325 516 καταβᾶσα
1345 445 1404 499 ἐκ
1424 443 1524 515 Τῆς
1542 437 1886 514 ἁρμαμάξης,

291 527 492 605 ἐχώρεε
533 532 589 590 ἐς
625 526 756 589 τούς
793 527 1260 603 Λακεδαιμονίους
1294 529 1374 588 ἔτι
1410 532 1467 607 ἐν
1502 530 1639 604 τῇσι
1676 522 1887 603 φονῇσι

291 612 499 692 ἐόντας·
535 613 728 690 όρῶσα
755 613 814 672 δὲ
839 613 1022 672 πάντα
1049 617 1227 673 ἐκεῖνα
1254 614 1514 673 διέποντα
1540 601 1885 686 Παυσανίην,

289 700 562 778 πρότερόν
585 726 646 760 τε
673 701 743 761 τὰ
765 699 974 776 οὔνομα
1001 701 1403 776 ἐξεπισταμένη
1424 701 1516 759 καὶ
1534 700 1637 775 τὴν
1654 698 1885 775 πάτρην,

291 786 437 847 ὥστε
455 787 733 852 πολλάκις
759 787 1073 861 ἀκούσασα,
1100 789 1235 868 ἔγνω
1252 813 1314 846 τε
1333 789 1431 847 τὸν
1449 788 1780 862 Παυσανίην
1798 789 1888 845 καὶ

292 877 586 951 λαβομένη
624 879 736 935 τῶν
773 875 1056 956 γουνάτων
1095 877 1254 954 ἔλεγε
1293 874 1441 933 τάδε·
1501 883 1537 909 “
1554 873 1596 932 ὦ
1633 876 1885 949 βασιλεῦ

295 961 572 1038 Σπάρτης,
599 964 775 1039 ῥῦσαί
794 987 868 1039 με
893 962 999 1036 τὴν
1025 963 1194 1020 ἱκέτιν
1230 960 1590 1038 αἰχμαλώτου
1618 961 1886 1020 δουλοσύ-

295 1072 410 1122 νης·
465 1048 540 1107 σι)
570 1049 680 1129 γὰρ
717 1049 808 1108 καὶ
843 1053 899 1112 ἐς
933 1047 1060 1108 τόδε
1100 1046 1333 1124 ὤνησας,
1365 1046 1569 1107 τούσδε
1600 1046 1889 1109 ἀπολέσας

294 1157 424 1196 τους
449 1160 576 1193 ουτε
601 1135 872 1212 δαιμόνων
901 1160 1027 1195 ουτε
1053 1134 1253 1196 θεῶν’
1220 1161 1348 1194 οπιν
1374 1136 1616 1213 ἔχοντας.
1684 1135 1801 1210 εἰμὶ
1828 1135 1887 1192 δὲ

252 1284 258 1291 ,
295 1221 456 1300 γένος
487 1225 591 1298 μὲν
626 1223 776 1301 Κῴη,
805 1223 1052 1304 θυγάτηρ
1080 1223 1141 1282 δε
1164 1221 1540 1302 Ἡγητορίδεω
1570 1225 1672 1281 τοῦ
1695 1221 1885 1282 Ἀντα-

297 1307 490 1386 γόρεω·
531 1309 636 1386 βίῃ
664 1309 727 1368 δέ
748 1335 819 1386 με
856 1311 1109 1387 λαβων’
1083 1337 1141 1370 εν
1168 1313 1267 1387 Κῷ
1294 1309 1411 1388 εἶχε
1436 1310 1467 1369 ό
1496 1309 1775 1386 IIe'pmycff’
1855 1308 1890 1369 ὅ

300 1394 358 1453 δὲ
383 1395 678 1472 οἶμείβεται
711 1397 922 1456 τοῖσδε·
965 1408 1002 1433 “
1015 1423 1195 1478 γυναι,
1226 1394 1439 1472 θάρσει,
1478 1397 1569 1454 καὶ
1602 1395 1671 1459 ὥς
1709 1397 1887 1467 ἱκέτις,

301 1484 392 1540 καὶ
419 1489 467 1541 εἰ
494 1483 560 1557 δὴ
587 1483 728 1560 πρός
751 1484 926 1563 τούτω
952 1510 1242 1564 τυγχανεις
1268 1483 1482 1559 ἀληθέα
1501 1485 1765 1564 λέγουσα,
1798 1485 1889 1542 καὶ

303 1569 380 1632 εἶς
411 1569 656 1650 θυγάτηρ
697 1543 1072 1651 Ἡγητορίδεω
1108 1575 1208 1632 τοῦ
1245 1572 1425 1650 Κῴου,
1458 1571 1519 1635 ὃς
1556 1572 1678 1648 ἐμοὶ
1716 1571 1889 1640 ξεῖνος

299 1657 552 1732 μάλιστα
576 1657 835 1738 τυγχάνει
871 1659 974 1718 ε’ὢν
996 1661 1108 1718 τῶν
1131 1659 1259 1736 περὶ
1287 1660 1493 1721 κείνους
1527 1658 1655 1722 τοῦς
1678 1658 1891 1737 χώρους

303 1743 650 1821 οἰκημένων.”
729 1749 904 1804 ταῦτα
952 1746 1124 1817 εἶπας,
1165 1746 1293 1806 τότε
1332 1749 1436 1823 μὲν
1477 1749 1742 1824 ἐπέτρεψε
1781 1750 1893 1806 τῶν

303 1832 518 1909 ἐφόρων
561 1836 715 1892 τοῖσι
756 1838 1042 1910 παρεοῦσι,
1094 1833 1331 1911 ὕστερον
1376 1835 1436 1893 δὲ
1488 1834 1783 1912 ἀπέπεμψε
1837 1838 1892 1897 ἐς

303 1919 608 2000 Αἴγιναν,’
580 1945 636 1984 ες
659 1920 764 1997 τήν
789 1947 928 1997 αυτη
911 1921 1133 2028 ἤθελεΑ
1144 1920 1462 1982 απικέσθαι.

383 2007 546 2067 Μετοὶ
587 2008 646 2067 δὲ
690 2033 794 2084 την
833 2007 1020 2079 απιξιν
1060 2012 1163 2084 τῆς
1206 2009 1476 2116 γυναικός,
1517 2009 1711 2069 αὐτίκα
1748 1979 1891 2086 μετα
1874 2008 1986 2068 77

301 2098 476 2154 ταῦτα
506 2094 772 2156 οἷπίκοντο
809 2098 1113 2157 Μαντινέες
1151 2095 1232 2153 ἐπ’
1270 2095 1747 2176 ἐξεργασμένοισι·
1788 2122 1891 2172 μα-

303 2183 490 2244 θόντες
529 2183 590 2240 δὲ
629 2181 715 2241 ὅτι
753 2183 980 2258 ὕστεροι
1017 2181 1220 2256 ἥκουσι
1258 2185 1359 2256 τῆς
1394 2183 1713 2258 συμβολῆς,
1751 2209 1891 2258 συμ-

303 2268 488 2342 φορὴν
539 2270 822 2326 ἐποιεῦντο
863 2267 1134 2346 μεγάλην,
1183 2266 1333 2334 ἄξιοί
1372 2292 1434 2324 τε
1489 2269 1710 2341 ἔφασαν
1758 2267 1895 2327 εἶναι

303 2355 489 2430 σφέας
515 2356 810 2430 ζημιῶσαι·
849 2351 1253 2426 πυνθανόμενοι
1278 2352 1338 2410 δὲ
1362 2351 1491 2415 τοῦς
1515 2353 1744 2427 Μήδους
1768 2354 1897 2417 τούς

301 2467 445 2519 μετα
467 2439 822 2517 Ἀρταβαζου
861 2439 1185 2519 φευγοντας,
1212 2438 1438 2501 τούτους
1476 2439 1695 2498 ἐδίωκον
1716 2432 1895 2518 μέχρι

249 2569 257 2576 „
303 2529 647 2604 Θεσσαλίης·
703 2525 1153 2607 (Λακεδαιμόνιοι
1199 2526 1258 2585 δὲ
1300 2551 1399 2585 ουκ
1448 2526 1547 2584 ἔων
1590 2525 1897 2634 φευγοντας

303 2616 559 2696 διώκειν)
601 2641 655 2674 οι
680 2613 802 2674 δε’
766 2613 1225 2693 αναχωρήσαντες
1261 2618 1316 2676 ἐς
1349 2612 1454 2688 τήν
1497 2613 1723 2682 ἑωυτῶν,
1768 2615 1896 2677 τούς

301 2703 581 2784 ἡγεμόνας
613 2705 714 2779 τῆς
744 2705 1012 2778 στρατιῆς
1036 2701 1281 2770 ἐδίωξαν
1304 2705 1364 2760 ἐκ
1372 2705 1490 2776 τῆς
1514 2702 1638 2781 γῆς
1664 2700 1807 2778 μετὰ
1838 2701 1897 2759 δε

303 2791 616 2853 Μαντινέας
629 2789 768 2866 ἧκον
784 2789 1022 2849 Ἠλεῖοι·
1050 2790 1142 2848 καὶ
1163 2789 1423 2852 ὡσαύτως
1440 2791 1493 2849 οἶ
1508 2787 1729 2862 Ἠλεῖοι
1748 2792 1899 2849 τοῖσι

303 2882 646 2938 Μαντινεῦσι
687 2877 990 2954 συμφορήν
1021 2877 1392 2955 ποιησάμενοι
1429 2876 1896 2942 ἀπαλλάσσοντο·

305 2963 644 3029 ἀπελθόντες
663 2965 724 3024 δὲ
749 2966 841 3024 καὶ
869 2961 1021 3024 οὗτοι
1045 2965 1173 3027 τούς
1192 2965 1467 3044 ἡγεμόνας
1503 2965 1744 3034 ἐδίωξαν.
1826 2962 1896 3022 τοὶ

308 3079 446 3113 κατα
473 3054 786 3116 Μαντινέας
809 3077 912 3130 μεν
939 3053 1032 3118 καὶ,
1054 3053 1313 3118 Ἠλείους
1338 3056 1605 3114 τοσαῦτα.

381 3141 480 3202 Ἐν
507 3143 565 3201 δὲ
592 3144 972 3218 Πλαταιῇσι’
948 3167 1005 3199 εν
1037 3145 1115 3219 τῷ
1150 3143 1507 3220 στρατοπέδω
1543 3146 1652 3201 τῶν
1679 3144 1897 3222 Αἷγινη-
1918 3139 1995 3200 78

304 3231 472 3355 τῙέῘων
465 3229 534 3302 ἦν
562 3230 811 3306 Λάμπων
838 3229 888 3287 ὁ
899 3201 1114 3297 Πύθεώ,
1145 3230 1478 3310 Αἰγινητέων
1503 3255 1575 3288 τα
1601 3233 1811 3306 πρῶτα,
1831 3227 1901 3290 ος

399 3315 521 3356 -25
