2192 3409
271 148 395 195 91-
404 143 488 209 98]
897 143 1869 193 IIOATMNIA.157
1954 146 1965 189 ι

274 226 374 285 κᾶν
428 225 596 294 ἔθνος,
644 248 880 301 υστερον
935 223 992 281 δὲ
1043 223 1286 283 ’Ῑωνικον
1333 204 1543 299 ἐκλήθη
1592 248 1729 281 κατα
1776 221 1873 281 τόν

273 312 442 373 αὖτόν
489 308 665 393 λόγον
721 312 813 371 καὶ
861 314 914 370 οἱ
963 311 1399 373 δυωδεκαπόλιες
1437 310 1619 373 Ἴωνες
1674 314 1727 369 οἱ
1780 310 1871 368 ἄπ’

271 400 561 476 Ἀθηνέων.
649 400 878 462 Αιολέες
933 400 992 457 δὲ
1039 398 1305 475 ἑξήκοντα
1352 400 1477 461 νέας
1521 399 1871 476 παρείχοντο,
1932 444 1936 449 «

276 488 676 565 ἐσκευασμένοι
710 514 772 547 τε
811 486 880 550 ὥς
908 486 1186 561 Ἕλληνες
1231 487 1321 545 καὶ
1360 485 1427 546 τὰ
1465 486 1644 545 πάλαι
1682 485 1871 545 καλεό-

273 602 430 653 μενοι
457 574 774 656 Πελασγοὶ,
815 574 886 637 ὥς
918 573 1209 648 Ἑλλήνων
1244 574 1435 655 λόγος.
1520 574 1873 648 Ἑλλησπόν-

272 690 382 723 τιοι
425 664 498 733 δὲ,
541 662 693 738 πλὴν
732 660 1077 737 Ἀβυδηνῶν·
1122 660 1513 741 (Ἀβυδηνοῖσι
1549 661 1657 743 γὰρ
1696 688 1869 737 προσ-

276 754 530 812 ετέτακτο
557 756 617 809 ἐκ
644 752 936 828 βασιλέος,
967 749 1109 809 κατὰ
1135 749 1320 827 χώρην
1346 750 1596 825 μένουσι,
1616 750 1873 825 φύλακας

277 841 413 899 εἶναι
452 844 562 901 τῶν
602 838 931 921 γεφυρέων)
976 840 1028 896 οἶ
1073 836 1133 895 δὲ
1174 837 1368 896 λοιποὶ
1412 842 1471 895 ἐκ
1511 842 1609 896 τοῦ
1651 836 1872 895 Πόντου

195 982 200 987 .
276 927 720 1005 στρατευόμενοι,
765 926 1098 1004 παρείχοντο
1141 927 1245 1000 μὲν
1280 924 1473 983 ἑκατόν
1512 925 1650 993 νέας,
1688 930 1873 983 ἐσκευ-

275 1017 512 1091 ασμένοι
549 1014 608 1073 δὲ
644 1014 793 1089 ἦσαν
830 1013 902 1076 ὦς
914 1013 1209 1087 Ἕλληνες.
1296 1010 1448 1070 οὗτοι
1475 1012 1533 1070 δὲ
1558 1011 1752 1071 Ἰώνων
1780 1012 1872 1069 καὶ

277 1104 533 1179 Δωριέων
573 1100 808 1160 ἄποικοι.

355 1188 735 1265 Ἐπεβάτευον
763 1188 820 1247 δὲ
849 1188 939 1247 ἐπὶ
963 1189 1191 1249 πασέων
1215 1192 1326 1249 τῶν
1360 1193 1493 1248 νεῶν
1529 1190 1753 1264 Πέρσαι
1782 1188 1873 1247 καὶ
1890 1192 1965 1247 96

276 1278 466 1354 Μῆδοι
488 1277 580 1336 καὶ
602 1276 796 1342 Σάκαι.
842 1277 1049 1336 τούτων
1070 1278 1129 1335 δὲ
1150 1276 1356 1353 ἄριστα
1376 1276 1662 1337 πλεούσας
1688 1278 1875 1352 παρεί-

273 1393 444 1445 χοντο
473 1367 597 1430 νέας
617 1366 878 1434 Φοίνικες,
903 1366 994 1423 καὶ
1014 1366 1279 1425 Φοινίκων
1302 1364 1569 1427 Σιδώνιοι.
1623 1364 1875 1424 τούτοισι

276 1459 435 1523 πᾶσι,
476 1455 567 1512 καὶ
604 1457 758 1514 τοῖσι
799 1458 853 1515 ἐς
891 1451 992 1512 τᾶν
1031 1452 1199 1523 πεζὸν
1241 1453 1561 1561 τεταγμένο·
1550 1478 1631 1511 σι
1680 1452 1871 1527 αὐτῶν,

277 1546 496 1617 ἐπῆσαν
531 1540 820 1601 ἑκάστοισι
858 1540 1143 1619 ἐπιχώριοι
1172 1540 1457 1621 ἡγεμόνες·
1506 1544 1615 1600 τῶν
1654 1542 1775 1621 ἐΙω,
1810 1568 1873 1599 ου

276 1629 384 1709 γὰρ
412 1628 684 1710 ἀναγκαίῃ
713 1628 1056 1709 ἐξέργομαι’
1032 1656 1085 1691 ες
1116 1630 1363 1705 ἱστορίης
1390 1628 1580 1709 λόγον,
1612 1628 1675 1687 οὖ
1700 1656 1874 1705 παρα-

273 1717 579 1794 μέμνημαι·
622 1714 747 1777 οὗτε
773 1716 881 1797 γάρ
921 1717 1102 1779 ἔθνεος
1142 1715 1379 1776 ἑκάστου
1408 1716 1622 1786 ἐπάξιοι
1646 1716 1795 1792 ἦσαν
1822 1720 1875 1775 οἱ

275 1804 558 1885 ἡγεμόνες,
595 1805 652 1865 ἔν
686 1830 748 1864 τε
785 1805 928 1864 ἔθνεϊ
966 1804 1181 1884 ἑκάστῳ
1220 1804 1457 1881 ὅσαιπερ
1496 1805 1704 1875 πόλιες,
1742 1831 1874 1864 τοσ-

276 1898 430 1953 οῦτοι
477 1893 568 1952 καὶ
614 1892 880 1976 ἡγεμόνες
923 1891 1090 1969 ἦσαν·
1139 1894 1360 1953 εἵποντο
1400 1894 1458 1952 δὲ
1497 1894 1567 1957 ὥς
1602 1893 1665 1953 οὔ
1706 1920 1874 1972 στρα-

274 1982 452 2061 τηγοὶ,
487 1981 618 2041 ἀλλ’
660 1981 848 2057 ὥσπερ
891 1984 944 2039 οἱ
985 1980 1157 2039 ἄλλοι
1192 1982 1621 2059 στρατευόμενοι
1663 1982 1873 2041 δοῦλοι·

277 2071 397 2128 ἐπεὶ
442 2070 757 2151 στρατηγοί
795 2096 858 2129 τε
903 2072 955 2127 οἱ
1002 2068 1066 2128 τό
1111 2074 1223 2128 πᾶν
1267 2071 1484 2148 ἔχοντες
1539 2070 1738 2147 κράτος
1786 2071 1876 2129 καὶ

275 2156 538 2237 ἄρχοντες
588 2162 698 2217 τῶν
754 2158 950 2217 ἐθνέων
1005 2157 1265 2229 ἑκάστων,
1322 2157 1449 2217 ὅσοι
1499 2158 1675 2217 αὐτῶν
1728 2158 1876 2233 ἦσαν

277 2247 518 2321 Πέρσαι,
548 2245 789 2322 εἰρέαταί
809 2271 925 2320 μοι.
995 2252 1107 2304 Τοῦ
1135 2246 1193 2304 δὲ
1222 2252 1475 2306 ναυτικοῦ
1506 2245 1875 2326 ἐστρατήγεον
1892 2246 1967 2305 97

275 2333 408 2393 οἵδε·
449 2332 816 2412 Ἀριαβίγνης
854 2338 916 2391 τε
958 2332 988 2391 ὁ
1032 2335 1288 2409 Δαρείου,
1326 2336 1416 2393 καὶ
1452 2333 1803 2411 Πρηξάσπης
1844 2332 1875 2391 ὁ

275 2422 643 2490 Ἀσπαθίνεω,
664 2421 755 2478 καὶ
775 2421 1119 2503 Μεγάβαζος
1141 2423 1172 2481 ὁ
1190 2422 1559 2504 Μεγαβάτεω,
1580 2421 1671 2479 καὶ
1685 2419 1873 2497 Ἀχαι-

272 2511 443 2585 μένης
464 2509 494 2569 ὅ
518 2509 774 2585 Δαρείου·
809 2514 908 2585 τῆς
927 2512 1028 2585 μὲν
1045 2509 1222 2573 Ἰάδος
1241 2537 1303 2569 τε
1328 2510 1417 2567 καὶ
1436 2512 1686 2586 Καρικῆς
1707 2535 1873 2584 στρα-

275 2601 396 2673 τιῆς
413 2596 792 2679 Ἀριαβίγνης,
823 2597 854 2657 ὅ
884 2599 1122 2675 Δαρείου
1143 2626 1203 2658 τε
1224 2602 1354 2660 παῖς
1377 2598 1467 2656 καὶ
1486 2604 1586 2671 τῆς
1601 2595 1876 2673 Γωβρῦεω

277 2685 567 2766 θυγατρός·
638 2686 954 2767 Αἰγυπτίων
1015 2686 1072 2745 δὲ
1136 2686 1471 2766 ἐστρατήγεε
1522 2685 1873 2764 Ἀχαιμένης,

277 2774 492 2849 ’Ξέρξεω
523 2772 624 2833 ἐῶν
661 2772 754 2833 ἄπ’
783 2774 1116 2851 ἀμφοτέρων
1146 2772 1439 2848 ἀδελφεός·
1482 2779 1582 2849 Τῆς
1610 2773 1669 2831 δὲ
1695 2772 1877 2847 ἄλλης

277 2864 544 2939 στρατιῆς
575 2861 948 2943 ἐστρατήγεον
977 2864 1030 2921 οἱ
1057 2860 1175 2921 δύο.
1258 2860 1633 2937 τριηκόντεροι
1670 2860 1745 2928 δὲ,
1786 2860 1877 2917 καὶ

275 2950 712 3028 πέντηκόντεροι,
747 2950 838 3007 καὶ
881 2950 1181 3026 κέρκουροι,
1226 2950 1319 3009 καὶ
1360 2947 1659 3029 ἱππαγωγοὶ
1701 2949 1875 3004 πλοῖα

273 3038 464 3114 μακραῖ
497 3037 841 3099 συνελθόντα
871 3043 924 3100 ἐς
951 3037 1049 3096 τὸν
1076 3036 1314 3113 ἀριθμὸν
1352 3035 1531 3112 ἐφάνη
1564 3033 1875 3111 τρισχίλια.

275 3129 398 3185 Τῶν
437 3126 496 3185 δὲ
537 3124 910 3185 ἐπιπλεόντων
949 3123 1092 3200 μετά
1126 3150 1193 3205 γε
1228 3124 1355 3187 τοὺς
1382 3120 1731 3203 στρατηγοῦς
1760 3120 1873 3181 οἶδε
1892 3122 1971 3180 98

273 3212 426 3287 ἦσαν
491 3216 546 3272 οἶ
604 3212 1066 3289 ὀνομαστότατοι·
1136 3212 1397 3275 Σιδώνιος
1450 3210 1876 3288 Τετράμνηστος

274 3300 535 3361 Ἀνύσου.
576 3299 667 3357 καὶ
697 3298 895 3361 Τύριος
928 3296 1142 3361 Μάπην
1177 3300 1445 3361 Σιρώμου.
1490 3300 1583 3359 καὶ
1616 3296 1875 3361 Ἀράδιος
2122 3234 2192 3361 Δ
