2192 3409
322 116 419 167 246
934 119 1300 167 ἨΡΟΔΟΤΟΤ
1737 120 1916 184 [VIII.

322 199 415 257 καὶ
440 197 683 275 Κύπριοι
710 197 802 257 καὶ
830 199 1060 263 Κίλικες
1096 201 1190 258 καὶ
1217 198 1552 277 Πάμφυλοι,
1577 203 1688 260 τῶν
1713 200 1925 277 ὄφελός

228 287 303 345 69
324 289 447 346 ἐστι
500 285 707 346 οὖδέν.”
813 291 1001 346 Ταῦτα
1052 287 1334 368 λεγούσης
1390 286 1534 366 πρός
1584 288 1924 365 Μαρδόνιον,

321 372 449 435 ὅσοι
502 377 604 453 μὲν
655 373 802 450 ἦσαν
870 372 1047 435 εὔνοοι
1105 380 1178 453 τῇ
1228 374 1560 455 Ἀρτεμισίῃ
1619 376 1925 454 συμφορὴν

322 468 603 523 ἐποιεῦντο
627 462 758 525 τοῦς
782 462 1003 543 λόγους,
1034 461 1104 525 ὥς
1141 462 1310 522 κακόν
1334 488 1390 522 τι
1421 465 1759 539 πεισομένης
1783 465 1926 540 πρὸς

321 552 617 628 βασιλέος,
663 550 749 609 ὅτι
796 549 895 608 οὐκ
940 554 1005 629 ἐᾷ
1048 551 1361 629 ναυμαχίην
1405 552 1714 610 ποιέεσθαι·
1769 555 1823 610 οἱ
1865 552 1925 611 δὲ

321 638 651 720 ἀγαιόμενοί
671 662 733 697 τε
762 637 852 695 καὶ
879 638 1212 712 φθονέοντες
1242 636 1398 717 αὐτῇ,
1431 638 1528 698 ἅτε
1565 644 1622 697 ἐν
1647 639 1925 715 πρώτοισι

319 727 683 802 τετιμημένης
722 724 814 785 διαὶ
853 723 1073 783 πάντων
1110 729 1223 785 τῶν
1263 726 1590 805 συμμάχων,
1629 726 1926 803 ἐτέρποντο

318 817 392 893 τῇ
429 814 599 890 κρίσι,
636 814 709 878 ὥς
736 812 1122 889 ἀπολεομένης
1155 812 1338 889 αὐτῆς.
1425 816 1546 873 ἐπεὶ
1579 814 1642 873 δὲ
1673 814 1924 893 ἀνηνείχ-

321 902 505 977 θησαν
557 906 616 962 αῖ
668 906 885 984 γνῶμαι
932 906 988 964 ἐς
1033 900 1261 978 Ξέρξεα,
1311 900 1486 977 κάρτα
1537 928 1600 961 τε
1649 900 1826 977 ἥσθη·
1849 907 1925 980 τῇ

320 988 513 1070 γνώμῃ
552 995 654 1066 τῆς
692 989 1066 1067 Ἀρτεμισίης,
1112 987 1203 1048 καὶ
1251 991 1486 1066 νομίζων
1531 991 1610 1049 ἔτι
1649 988 1924 1066 πρότερον

320 1079 634 1155 σπουδαίην
660 1079 817 1147 εἶναι,
842 1076 971 1137 τότε
994 1078 1196 1155 πολλῷ
1231 1082 1458 1153 μᾶλλον
1484 1079 1648 1137 αἴνεε·
1689 1075 1838 1154 ὅμως
1862 1078 1924 1137 δὲ

318 1168 473 1225 τοῖσι
530 1168 741 1227 πλέοσι
800 1165 1099 1225 πείθεσθαι
1151 1166 1369 1223 ἐκέλευε
1419 1164 1567 1234 τάδε,
1621 1166 1924 1235 καταδόξας

318 1252 463 1331 πρδς
484 1257 591 1332 μὲν
613 1254 837 1333 Εὐβοίῃ
863 1252 1049 1329 σφέας
1078 1252 1457 1313 ἐθελοκακέειν
1493 1252 1564 1317 ῶς
1597 1252 1661 1313 οὖ
1693 1254 1924 1331 παρεόν-

249 1388 254 1393 -
317 1367 415 1405 τος
445 1343 632 1403 αὐτοῦ·
672 1342 800 1403 τότε
836 1342 895 1401 δὲ
934 1339 1100 1403 αὐτὸς
1133 1340 1562 1417 παρεσκεύαστο
1602 1341 1924 1418 θεήσασθαι

321 1432 750 1510 ναυμαχέοντας.

225 1518 301 1577 70
400 1517 629 1594 Ἐπειδὴ
670 1519 729 1577 δὲ
768 1517 1171 1598 παρήγγελλον
1203 1514 1537 1585 ἅναπλῶειν,
1574 1514 1784 1595 ἇνῆγον
1825 1517 1926 1580 τοὶς

320 1607 456 1679 νῆας
489 1606 579 1664 ἐπὶ
616 1606 719 1681 τὴν
758 1607 1072 1682 Σαλαμῖνα,
1108 1605 1200 1664 καὶ
1239 1604 1660 1680 παρεκρίθησαν
1700 1604 1924 1683 διαταχ-

321 1692 503 1754 θέντες
557 1692 674 1751 κατ’
714 1692 976 1771 ἡσυχίην.
1056 1692 1186 1753 τότε
1231 1693 1336 1770 μέν
1376 1717 1472 1751 νυν
1511 1680 1612 1750 οὐκ
1653 1690 1926 1769 ἐξέχρησέ

320 1786 434 1853 σφι
466 1779 506 1854 ἤ
539 1779 721 1857 ἡμέρη
754 1782 1065 1860 ναυμαχίην
1098 1780 1472 1855 ποιήσασθαι·
1521 1778 1623 1848 voe
1655 1778 1766 1859 γὰρ
1803 1784 1924 1837 ἐπε-

316 1868 527 1949 γένετο·
598 1871 651 1926 οἱ
704 1868 763 1926 δὲ
814 1869 1293 1944 παρεσκευάζοντο
1349 1872 1404 1929 ἐς
1453 1866 1558 1942 τὴν
1603 1866 1923 1943 ὖστεραίην.

318 1954 448 2017 τούς
493 1954 553 2014 δὲ
594 1954 883 2031 Ἕλληνας
936 1956 1055 2035 εἶχε
1107 1957 1228 2019 δέος
1267 1980 1330 2015 τε
1379 1955 1470 2014 καὶ
1515 1954 1770 2031 ἀρρωδίη,
1821 1953 1924 2013 οὔκ

319 2041 526 2116 ἥκιστα
566 2042 624 2101 δὲ
664 2044 792 2107 τούς
831 2042 945 2103 οἷπό
988 2042 1457 2119 Πελοποννήσου·
1526 2041 1802 2119 ἀρρώδεον
1842 2042 1916 2115 δὲ,

318 2128 407 2188 ὅτι
440 2128 598 2190 αὐτοὶ
632 2129 735 2209 μὲν
770 2136 829 2191 ἐν
866 2132 1148 2209 Σαλαμῖνι
1185 2130 1485 2207 κατήμενοι
1523 2129 1662 2205 ὑπὲρ
1691 2132 1797 2209 γῆς
1821 2133 1923 2204 τῆς

316 2215 623 2293 Ἀθηναίων
669 2220 997 2299 ναυμαχέειν
1040 2220 1327 2296 μέλλοιεν·
1389 2216 1699 2293 νικηθέντες
1738 2240 1816 2284 τε,
1864 2220 1924 2275 ἐν

317 2306 471 2387 νήσῳ
510 2304 979 2383 ἀπολαμφθέντες
1018 2306 1500 2383 πολιορκήσονται
1548 2303 1778 2366 ἀπέντες
1817 2302 1922 2378 τήν

320 2398 529 2455 ἑωυτῶν
554 2393 900 2473 οἶφρλακτον.

223 2483 293 2542 71
398 2487 521 2542 Τῶν
568 2482 627 2541 δὲ
678 2480 993 2559 βαρβάρων
1038 2480 1070 2539 ὁ
1111 2479 1278 2551 πεζὸς
1318 2478 1430 2539 ὖπό
1459 2477 1564 2554 τὴν
1597 2480 1922 2553 παρεοῦσαν

317 2569 485 2628 νύκτα
522 2570 813 2647 ἐπορεύετο
850 2570 940 2629 ἐπὶ
975 2567 1081 2643 τήν
1115 2566 1578 2643 Πελοπόννησον·
1638 2566 1816 2625 καίτοι
1847 2565 1920 2624 τοῖ

316 2656 521 2715 δυνατὰ
552 2656 737 2715 πάντα
774 2654 1178 2734 ἐμεμηχάνητο,
1225 2654 1363 2717 ὅκως
1405 2654 1524 2713 κατ’
1564 2652 1794 2729 ἤπειρον
1835 2651 1918 2727 μή

317 2740 623 2816 ἐσβάλοιεν
650 2746 703 2801 οἱ
728 2743 1034 2822 βάρβαροι.
1122 2742 1194 2805 ὥς
1227 2742 1339 2822 γοὶρ
1376 2741 1647 2801 ἐπύθοντο
1673 2738 1921 2817 τάχιστα

316 2828 769 2903 Πελοποννήσιοι
792 2830 921 2892 τοὺς
946 2829 1099 2905 ἀμφὶ
1123 2829 1397 2888 Λεωνίδεα
1425 2834 1484 2888 ἐν
1511 2826 1920 2903 Θερμοπύλῃσι

315 2916 774 2989 τετελευτηκέναι,
807 2916 1216 2993 συνδραμόντες
1253 2922 1312 2975 ἐκ
1344 2920 1454 2975 τῶν
1488 2915 1702 2973 πολίων
1739 2918 1794 2975 ἐς
1820 2912 1920 2972 τόν

313 3000 551 3075 Ἰσθμὸν
576 3002 774 3070 ἵζοντο·
805 3005 901 3060 καί
922 3008 1035 3078 σφι
1063 3007 1204 3077 ἐπῆν
1231 3002 1548 3081 στρατηγός
1574 3000 1917 3076 Κλεόμβρο-

313 3110 409 3147 τος
428 3086 460 3143 ὁ
478 3084 927 3163 Ἀναξανδρίδεω,
948 3089 1230 3147 Λεωνίδεω
1253 3090 1312 3147 δὲ
1339 3087 1629 3164 ἀδελφεός·
1675 3087 1920 3162 ἱζόμενοι

297 3172 377 3228 ’δὲ
420 3175 477 3228 ἐν
518 3175 595 3247 τῷ
639 3170 854 3251 Ἰσθμῷ
898 3175 988 3231 καὶ
1030 3176 1426 3254 συγχώσαντες
1466 3174 1570 3250 τήν
1613 3173 1920 3250 Σκιρωνίδα

314 3253 464 3323 ὁδὸν,
516 3256 661 3331 μετοὶ
708 3262 891 3328 τοῦτο,
940 3259 1010 3321 ὥς
1057 3267 1172 3335 σφι
1223 3260 1372 3329 ἔδοξε
1425 3259 1917 3336 βουλευομένοισι,

268 3350 317 3369 .-
