2192 3409
204 901 275 957 61

293 124 382 168 148
899 116 1263 165 ἮΡοΔοΤοτ·
1740 110 1895 175 [v11.

293 201 388 258 ἕνα
423 202 604 277 χῶρον
639 195 878 274 μυριάδα
913 194 1232 271 ἀνθρώπων,
1265 191 1355 251 καὶ
1393 190 1731 261 συνείξαντες
1769 195 1899 252 ταύ-

292 313 394 361 την
429 285 500 348 ὥς
525 285 780 362 μάλιστα
813 284 979 363 εἶχον,
1009 284 1391 363 περιέγραψαν
1433 280 1629 350 ἔξωθεν
1672 279 1897 341 κύκλον·

296 373 732 453 περιγράψαντες
769 372 845 440 δὲ,
880 373 972 429 καὶ
1012 370 1241 433 ἀπέντες
1282 371 1409 433 τούς
1451 363 1694 447 μυρίους,
1735 374 1898 445 αἱμα-

297 460 429 535 σιὴν
464 461 806 537 περιέβαλον
845 459 986 519 κατὰ
1019 458 1122 519 τὸν
1166 460 1369 519 κύκλον
1410 459 1550 535 ὕψος
1579 456 1900 534 ἀνήκουσαν

295 549 450 625 ἀνδρὶ
477 554 532 610 ἐς
555 548 654 609 τᾶν
682 547 963 623 ὀμφαλόν,
991 547 1199 623 ταύτην
1226 548 1285 607 δὲ
1310 548 1662 622 ποιήσαντες,
1686 544 1901 610 ἄλλους

297 637 643 712 ἐσεβίβαζον
671 640 725 698 ἐς
749 634 816 695 τό
843 636 1423 713 περιοικοδομημένον·
1450 636 1647 712 μέχρις
1674 631 1739 693 οὗ
1761 636 1896 694 πάν-

297 749 397 785 τας
430 723 609 802 τούτῳ
636 726 712 802 τῷ
737 722 925 802 τρόπῳ
953 724 1351 800 ἐξηρίθμησαν·
1394 720 1805 798 ἀριθμήσαντες
1840 723 1898 782 δὲ

301 811 440 869 nard
487 812 644 869 ἔθνεα
685 810 1002 871 διέτασσον.

386 902 458 957 Οἱ
501 898 560 957 δὲ
595 898 1026 976 στρατευόμενοι
1067 896 1183 957 οἶδε
1206 895 1375 973 ἦσαν·
1418 898 1641 974 Πέρσαι
1665 900 1769 975 μὲν
1796 894 1899 957 ὦδε

301 988 720 1064 ἐσκευασμένοι·
761 986 889 1063 περὶ
913 989 1017 1063 μὲν
1041 990 1179 1064 τῇσι
1206 989 1497 1063 κεφαλῇσι
1524 984 1677 1063 εἶχον
1706 984 1901 1061 τιάρας

268 1132 276 1143 ,
301 1076 682 1153 καλεομένους,
714 1076 913 1137 πίλους
939 1074 1205 1154 ἀπαγέας·
1248 1074 1393 1149 περὶ·
1410 1074 1471 1131 δὲ
1504 1072 1569 1133 τό
1614 1077 1779 1149 σῶμα
1820 1099 1899 1132 κι-

299 1165 476 1226 θῶνας
501 1163 850 1243 χειριδωτούς
876 1164 1178 1230 ποικίλους,
1208 1161 1433 1223 λεπίδος
1469 1161 1730 1237 σιδηρέης
1768 1160 1901 1239 ὄψιν

300 1252 649 1329 ἰχθυοειδέος·
691 1252 820 1329 περὶ
861 1252 920 1310 δὲ
959 1250 1028 1309 τοὶ
1071 1250 1281 1308 σκέλεα
1316 1247 1658 1325 ἀναξυρίδας,
1690 1248 1813 1309 ἀντὶ
1840 1250 1901 1309 δὲ

297 1338 551 1399 ἀσπίδων
597 1340 797 1419 γέρρα·
851 1338 960 1398 find
1009 1338 1082 1408 δὲ,
1138 1341 1515 1414 φαρετρεῶνες
1568 1338 1869 1414 ἐκρέμαντο
1884 1365 1897 1378 ·

299 1428 505 1505 αἰχμας
547 1427 604 1484 δὲ
644 1428 898 1506 βραχέας
939 1452 1107 1504 ειχον,
1135 1425 1275 1495 τόξα
1314 1424 1373 1483 δὲ
1408 1422 1647 1505 μεγάλα,
1677 1424 1902 1489 ὀϊστους

299 1514 359 1571 δὲ
393 1514 748 1588 καλαμίνους·
788 1540 932 1590 προς
957 1513 1032 1582 δὲ,
1062 1512 1364 1593 ἐγχειρίδια
1392 1511 1544 1588 παραὶ
1580 1512 1681 1571 τὸν
1722 1512 1901 1582 δεξιὸν

297 1600 478 1676 μηρὸν
521 1600 974 1677 παραιωρεύμενα
1019 1605 1080 1659 ἐκ
1111 1626 1213 1676 της
1250 1600 1437 1675 ζώνης.
1524 1600 1615 1658 καὶ
1657 1626 1901 1679 αρχοντα

301 1690 633 1766 παρείχοντο
679 1684 932 1759 Ὀτάνεα,
983 1688 1084 1748 τᾶν
1129 1686 1474 1764 Ἀμήστριος
1520 1690 1752 1764 πατέρα,
1800 1694 1902 1765 τῆς

299 1774 514 1851 ’Ξέρξεω
560 1773 835 1855 γυναικός.
915 1776 1239 1855 (ἐκαλέοντο
1294 1776 1354 1835 δὲ
1408 1776 1585 1835 πάλαι
1640 1774 1749 1835 ὖπδ
1798 1779 1902 1851 μὲν

297 1861 586 1937 Ἑλλήνων
629 1866 914 1937 Κηφῆνες,
955 1862 1064 1921 ’ὖπὸ
1106 1864 1296 1939 μέντοι
1346 1864 1538 1938 σφέων
1576 1860 1766 1922 ἀὗτῶν
1808 1866 1901 1922 καὶ

298 1952 409 2007 τῶν
449 1950 739 2025 περιοίκων
763 1948 1028 2025 Ἀρταῖοι·
1073 1950 1193 2009 ἐπεὶ
1233 1950 1292 2009 δὲ
1329 1950 1583 2027 Περσεύς
1616 1950 1647 2009 ὁ
1676 1951 1901 2029 Δανάης

299 2062 361 2095 τε
405 2037 496 2093 καὶ
538 2036 675 2099 Διός
717 2036 946 2097 οἷπίκετο
988 2038 1143 2113 παρὰ
1183 2040 1393 2114 Κηφέα
1430 2038 1529 2099 τόν
1561 2040 1769 2114 Βήλου,
1807 2042 1900 2099 καὶ

301 2124 436 2202 ἔσχε
463 2122 631 2183 αὐτοῦ
656 2124 760 2200 τὴν
789 2125 1063 2205 θυγατέρα
1085 2126 1476 2203 Ἀνδρομέδην,
1504 2129 1713 2207 γίνεται
1754 2127 1901 2206 αὐτῷ

299 2212 430 2275 πάϊς
473 2216 552 2292 τῷ
598 2210 808 2293 013an
855 2214 1011 2273 ἔθετο
1064 2214 1321 2290 Πέρσην·
1376 2218 1575 2274 τοῦτον
1622 2214 1681 2273 δὲ
1728 2213 1899 2274 αὑτοῦ

301 2301 639 2371 καταλείπει,
683 2301 950 2382 ἐτύγχανε
987 2328 1099 2383 γαρ
1132 2300 1299 2365 ἄπαις
1336 2301 1437 2361 ἐων
1474 2329 1505 2361 ο
1545 2302 1844 2377 Κηφεῦς”
1816 2328 1897 2379 ερ-

299 2414 460 2453 σενος
500 2388 685 2471 γόνου,
724 2390 816 2447 ἐπὶ
855 2388 1054 2449 τούτου
1091 2389 1151 2448 δὲ
1185 2389 1288 2464 τὴν
1329 2391 1640 2466 ἐπωνυμίην
1682 2391 1897 2469 ἔσχον.)

205 2476 280 2537 62
305 2478 492 2552 Μῆδοι
529 2476 588 2535 δὲ
627 2476 732 2551 τήν
775 2476 948 2551 αὐτὴν
980 2476 1185 2552 ταύτην
1228 2477 1564 2553 ἐσταλμένοι
1609 2479 1897 2554 ἐστρατεύ-

299 2590 446 2623 οντο·
490 2562 714 2639 Μηδικη
751 2590 861 2644 γαρ
899 2562 1038 2639 ἀὕτη
1073 2590 1111 2641 η
1150 2563 1325 2639 σκευή
1364 2569 1503 2633 ἐστι,
1536 2565 1627 2623 καὶ
1662 2591 1727 2622 ου
1755 2570 1897 2641 Περ-

300 2650 454 2725 σική.
539 2655 592 2710 οἶ
633 2652 692 2708 δὲ
719 2650 910 2725 Μῆδοι
935 2649 1182 2729 ἄρχοντα
1206 2654 1310 2728 μὲν
1334 2652 1670 2730 παρείχοντο
1698 2653 1898 2732 Τιγρά-

299 2762 414 2809 νην,
443 2736 614 2811 ανδρα
637 2736 1049 2815 Ἀχαιμενίδην.
1120 2737 1441 2816 (ἐκαλέοντο
1468 2739 1528 2796 δὲ
1554 2738 1735 2796 πάλαι
1760 2738 1898 2815 πρός

297 2820 516 2880 πάντων
544 2820 749 2896 Ἀριοι·
793 2822 1128 2896 ἀπικομένης
1168 2822 1227 2880 δὲ
1266 2825 1515 2898 Μηδείης
1554 2828 1655 2898 τῆς
1684 2828 1897 2903 Κολχι-

299 2907 394 2968 δος
433 2907 495 2975 ἐξ
517 2906 792 2981 Ἀθηνέων
825 2912 880 2969 ἐς
904 2932 1034 2968 τους
1059 2907 1280 2984 Ἀρίους
1304 2909 1547 2977 τούτους,
1575 2912 1897 2984 μετέβαλον

301 2992 393 3049 καὶ
429 2989 581 3051 οὗτοι
619 2992 684 3051 τό
728 2992 954 3066 οὔνομα·
1000 2990 1160 3051 αὐτοὶ
1199 2994 1258 3050 δὲ
1298 2995 1426 3069 περὶ
1456 2996 1649 3067 σφέων
1676 2993 1778 3053 ὧδε
1805 2998 1895 3055 λέ-

299 3100 468 3152 γουσι
511 3077 742 3153 Μῆδοι.)
825 3079 1064 3135 Κισσιοι
1106 3077 1167 3134 δὲ
1208 3080 1639 3155 στρατευόμενοι
1678 3106 1751 3139 τα
1792 3086 1897 3159 μὲν

302 3158 456 3217 ἄλλα
491 3161 734 3235 κατάπερ
763 3162 984 3235 Περσαι
1025 3162 1381 3220 ἐσκευάδατο·
1424 3163 1546 3221 ἀντὶ
1571 3164 1631 3221 δὲ
1658 3170 1774 3225 τῶν
1807 3171 1896 3227 πί-

303 3245 433 3311 λων,
460 3244 798 3318 μιτρηφόροι
838 3244 1005 3317 ἦσαν.
1091 3248 1349 3306 Κισσίων
1384 3247 1515 3305 δὲ’
1479 3274 1617 3324 ηρχε
1641 3249 1897 3325 Ἀνάφης
