2192 3409
347 143 568 209 61-67]
951 146 1324 195 ΠοΛτΜΝῐΑ.
1838 146 1930 193 149

345 225 378 283 ὁ
422 222 681 298 Ὀτάνεω,
748 222 1028 301 Ὑρκάνιοι
1074 225 1136 283 δὲ
1182 224 1427 301 κατάπερ
1471 225 1695 300 Πέρσαι
1741 223 1938 283 ἐσεσά-

343 336 504 389 χατο,
533 309 782 392 ἤγεμόνα
817 312 1191 390 παρεχόμενοι
1230 310 1574 392 Μεγάπανον
1613 309 1714 370 vav
1749 313 1935 386 Βαβυ-

344 403 522 461 λῶνος
554 398 792 475 ὕστερον
829 398 1035 458 τούτων
1063 399 1557 476 ἐπιτροπεύσαντα.
1638 397 1933 474 Ἀσσύριοι
1957 399 2032 456 63

345 485 404 543 δὲ
429 486 858 564 στρατευόμενοι
885 487 1012 563 περὶ
1031 488 1136 562 μὲν
1154 490 1294 566 τῇσι
1319 489 1609 565 κεφαλῇσι
1631 485 1781 564 εἶχον
1799 484 1936 564 χάλ-

345 571 444 632 κεά
468 598 530 632 τε
557 573 758 650 κράνεα
787 576 878 632 καὶ
903 574 1266 655 πεπλεγμένα
1294 573 1507 651 τρόπον
1544 573 1671 633 τινοὶ
1709 572 1933 650 βάρβα-

343 685 444 737 ρον
490 660 591 720 οὐκ
641 660 992 742 εὐαπήγητον
1005 688 1020 703 ·
1073 660 1317 725 ἀσπίδας
1360 661 1419 720 δὲ
1465 661 1557 719 καὶ
1598 661 1804 739 αἰχμὰς
1850 661 1941 718 καὶ

345 748 647 828 ἐγχειρίδια
670 748 1047 827 παραπλήσια
1071 752 1209 827 τῇσι
1236 749 1577 829 Αἰγυπτίῃσι
1606 747 1775 827 εἶχον·
1803 747 1942 823 πρός
1976 770 2000 783 ”

347 834 421 904 δὲ,
462 835 690 913 ῥόπαλα
733 834 914 906 ξύλων
957 835 1309 912 τετυλωμένα
1354 835 1563 914 σιδήρῳ
1600 836 1693 893 καὶ
1727 836 1941 899 λινέους

347 921 614 999 θώρηκας·
670 921 826 984 οὗτοι
876 924 938 983 δὲ
987 924 1099 983 ύπὸ
1152 926 1255 1000 μὲν
1303 923 1593 999 Ἑλλήνων
1646 925 1940 983 ἐκαλέοντο

349 1010 554 1087 Σύριοι,
581 1010 691 1071 fin&
718 1010 778 1070 δὲ
803 1014 914 1072 τῶν
938 1011 1251 1088 βαρβάρων
1274 1010 1574 1088 Ἀσσύριοι
1598 1010 1939 1085 ἐκλήθησαν·

345 1097 555 1157 τούτων
593 1098 654 1157 δὲ
690 1098 915 1175 μεταξύ,
945 1098 1242 1157 Χαλδαῖοι·
1282 1096 1425 1177 ἦρχε
1462 1098 1527 1157 δέ
1559 1103 1752 1173 σφεων
1776 1096 1939 1158 Ὀτά-

347 1209 503 1259 σπης
541 1184 574 1245 ὁ
613 1184 966 1263 Ἀρταχαίου.

431 1271 695 1349 Βάκτριοι
737 1273 798 1332 δὲ
837 1274 966 1349 περὶ
1003 1276 1109 1350 μὲν
1149 1278 1285 1352 τῇσι
1324 1276 1613 1351 κεφαλῇσι
1652 1271 1939 1351 ἀγχότατα
1958 1275 2034 1331 64

347 1364 459 1421 τῶν
493 1362 758 1437 Μηδικῶν
799 1362 1014 1440 ἔχοντες
1049 1361 1464 1437 ἐστρατεύοντο,
1500 1358 1638 1429 τόξα
1672 1358 1735 1417 δὲ
1770 1359 1940 1419 καλά-

347 1472 481 1523 μινα
523 1449 790 1527 ἐπιχώρια
831 1449 922 1508 καὶ
964 1448 1168 1527 αἰχμάς
1202 1449 1471 1527 βραχέας.
1557 1447 1733 1512 Σάκαι
1770 1447 1829 1505 δὲ
1863 1446 1942 1529 [οἱ

351 1536 582 1617 Σκύθαι]
613 1538 740 1613 περὶ
777 1539 882 1613 μὲν
918 1540 1054 1614 τῇσι
1094 1540 1381 1615 κεφαλῇσι
1422 1536 1736 1612 κυρβασίας
1763 1539 1819 1597 ἐς
1842 1534 1941 1604 ὄξῧ

349 1621 656 1704 άπιγμένας
704 1623 874 1701 ὀρθοῖς
923 1623 1078 1702 εἶχον
1128 1624 1452 1705 πεπηγυίας,
1508 1622 1832 1700 ἀναξυρίδας
1878 1622 1937 1682 δὲ

349 1710 722 1771 ἐνδεδύκεσαν·
762 1710 898 1781 τόξα
923 1711 983 1770 δὲ
1009 1711 1293 1791 ἐπιχώρια,
1323 1712 1414 1769 καὶ
1456 1710 1771 1791 ἐγχειρίδια,
1800 1711 1941 1787 πρὸς

348 1798 410 1857 δὲ
455 1798 546 1856 καὶ
591 1797 775 1868 ἀξίνας
818 1797 1056 1880 σαγάρις
1109 1798 1285 1878 εἶχον·
1342 1798 1591 1877 (τούτους
1636 1798 1696 1857 δὲ
1730 1796 1937 1861 νἐόντας

349 1883 568 1950 Σκύθας
590 1885 921 1967 Ἀμυργίους
961 1884 1145 1950 Σάκας
1185 1886 1433 1947 ἐκάλεον·
1476 1889 1530 1947 οἱ
1564 1885 1675 1967 γάρ
1715 1886 1939 1962 Πέρσαι

344 1972 556 2035 πάντας
599 1974 727 2037 τούς
777 1973 996 2041 Σκύθας
1046 1973 1315 2034 καλέουσι
1369 1973 1601 2053 Σάκας·)
1650 1974 1939 2050 Βακτρίων

345 2060 407 2119 δὲ
446 2061 538 2119 καὶ
578 2063 800 2125 Σακέων
833 2060 974 2139 ἦρχε
1003 2058 1350 2139 Ὑστάσπης,
1393 2060 1427 2122 ὅ
1466 2062 1704 2139 Δαρείου
1738 2086 1801 2122 τε
1844 2061 1934 2120 καὶ

344 2147 628 2224 Ἀτόσσης
664 2153 767 2224 τῆς
808 2148 1018 2225 Κύρου.
1098 2146 1263 2209 Ἰνδοὶ
1305 2150 1366 2209 δὲ
1410 2150 1607 2225 εἵματα
1646 2152 1749 2226 μὲν
1794 2148 1932 2209 ἐνδε-
1958 2151 2033 2208 65

343 2233 568 2299 δυκότες
607 2235 720 2295 ἀπὸ
762 2234 944 2303 ξύλων
977 2237 1338 2313 πεποιημένα,
1378 2235 1516 2306 τόξα
1558 2236 1617 2295 δὲ
1660 2235 1940 2316 καλάμινα

345 2321 500 2400 εἶχον
543 2322 634 2381 καὶ
677 2321 902 2385 ὀϊστούς
937 2325 1291 2400 καλαμίνους·
1333 2325 1425 2383 ἐπὶ
1465 2322 1540 2394 δὲ,
1580 2323 1811 2399 σίδηρον
1849 2321 1937 2398 ἦν.

345 2410 685 2486 ἐσταλμένοι
705 2412 810 2485 μὲν
834 2410 902 2485 δή
925 2410 1076 2485 ἦσαν
1102 2410 1243 2472 οὕτω
1266 2412 1451 2473 Ἰνδοί·
1483 2408 1938 2488 προσετετάχατο

343 2496 405 2555 δὲ
457 2498 958 2575 συστρατευόμενοι
1011 2499 1379 2579 Φαρναζάθρῃ
1430 2503 1507 2579 τῷ
1556 2498 1937 2574 Ἀρταβάτεω.

357 2575 524 2660 Ἁριοι
554 2584 614 2643 δὲ
635 2584 852 2655 τόξοισι
877 2588 980 2663 μὲν
1005 2588 1403 2663 ἐσκευασμένοι
1428 2586 1581 2661 ἦσαν
1606 2585 1932 2661 Μηδικοῖσι,
1955 2589 2031 2646 66

339 2670 412 2730 τοὶ
449 2671 510 2730 δὲ
548 2670 702 2731 ἄλλα
741 2672 882 2733 κατά
906 2699 1012 2751 περ
1039 2674 1325 2750 Βάκτριοι·
1364 2672 1565 2749 Ἀρίων
1591 2672 1651 2733 δὲ
1675 2671 1817 2751 ἦρχε
1844 2676 1937 2738 Σι-

341 2757 562 2837 σάμνης
587 2758 621 2820 ὅ
643 2758 952 2837 Ὑδάρνεος.
1035 2760 1260 2839 Πάρθοι
1287 2760 1347 2820 δὲ
1373 2762 1463 2820 καὶ
1489 2761 1811 2838 Χοράσμιοι
1844 2762 1937 2821 καὶ

343 2848 554 2928 Σογδοί
592 2873 656 2908 τε
698 2849 790 2907 καὶ
831 2848 1127 2925 Γανδάριοι
1174 2848 1266 2908 καὶ
1313 2849 1564 2919 Δαδίκαι,
1605 2848 1710 2924 τήν
1762 2847 1936 2923 αὐτ-ἦν

341 2934 550 3010 σκευὴν
574 2938 792 3014 ἔχοντες
814 2935 920 3011 τὴν
945 2936 1038 2995 καὶ
1061 2935 1345 3012 Βάκτριοι,
1374 2934 1786 3010 ἐστρατεύοντο·
1811 2932 1937 2993 τού-

342 3046 449 3081 των
493 3022 553 3081 δὲ
597 3022 774 3101 ἦρχον
821 3023 954 3083 offic·
1011 3022 1255 3098 Πάρθων
1298 3024 1403 3097 μὲν
1448 3022 1539 3079 καὶ
1587 3022 1929 3096 Χορασμίων

341 3105 689 3185 Ἀρτάβαζος
714 3108 746 3169 ὅ
773 3108 1086 3187 Φαρνάκεω·
1131 3108 1356 3187 Σογδῶν
1388 3108 1449 3167 δὲ
1470 3106 1705 3182 Ἀζάνης
1744 3106 1775 3165 ὁ
1808 3106 1935 3183 Ἀρ-

339 3196 516 3255 ταίου·
559 3197 874 3272 Γανδαρίων
903 3196 964 3255 δὲ
991 3196 1082 3254 καὶ
1111 3194 1392 3254 Δαδικέων
1419 3194 1719 3271 Ἀρτύφιος
1746 3193 1778 3253 0‘
1803 3192 1929 3271 ’Ap-

342 3281 613 3358 ταβάνου.
695 3282 950 3343 Κάσπιοι
976 3282 1036 3341 δὲ
1061 3279 1331 3359 σισύρνας
1359 3306 1422 3342 τε
1454 3279 1809 3350 ἐνδεδυκότες,
1836 3280 1927 3339 καὶ
1946 3282 2037 3363 678
