2192 3409
274 107 492 171 92-96]
897 105 1277 170 mmmmm.
1776 111 1872 158 32⁵

273 187 338 246 ού
364 186 636 264 πρότερόν
661 212 723 246 τε
756 186 1080 246 παύσεσθαι
1114 185 1472 264 τιμωρέοντες
1512 188 1712 266 ἐκείνῳ,
1740 189 1873 264 πρὶν

271 273 310 350 ἢ
359 274 512 336 δίκας
565 275 706 332 δῶσι
744 276 854 333 τῶν
894 274 1165 348 ἐποίησαν
1204 273 1406 337 ταύτας
1452 274 1550 336 τοῖς
1598 271 1666 334 ἂν
1706 274 1871 340 αὐτὸς

273 362 466 438 ἕληται
519 362 612 420 καὶ
653 361 872 420 δικαιοῖ·
939 361 1146 420 τούτων
1198 360 1257 419 δὲ
1308 363 1663 438 τελεομένων,
1710 362 1868 424 αὐτοὶ

271 447 468 508 δώσειν
494 446 709 526 Εὐηνίῳ
737 447 898 507 δόσιν
931 446 1191 523 τοιαύτην
1225 449 1329 524 τήν
1363 448 1612 513 πολλούς
1640 475 1740 528 μιν
1762 477 1867 526 μα·

270 539 477 612 καριεῖν
507 533 808 611 ἀνθρώπων
841 536 1060 614 ἔχοντα.
1142 535 1227 594 Τοῖ
1260 537 1363 610 μὲν
1398 535 1715 615 χρηστήρια
1739 541 1868 597 ταΰ-
1886 540 1965 598 94

268 621 340 681 τά
382 629 496 698 σφι
543 620 814 700 ἐχρήσθη·
878 625 933 682 οἱ
979 621 1039 682 δὲ
1082 621 1533 700 Ἀπολλωνιῆται
1579 623 1868 702 ἀπόρρητα

267 710 656 787 ποιησάμενοι,
680 710 999 786 ’προέθεσαν
1023 713 1135 770 τῶν
1160 708 1348 770 οἷστῶν
1374 710 1611 788 ἀνδράσι
1638 712 1867 792 διαπρῆ-

268 796 378 866 ξαι·
420 801 473 857 οἱ
514 797 576 857 δέ
611 805 728 874 σφι
769 798 1067 875 διέπρηξαν
1108 795 1229 856 ὧδε·
1272 799 1579 874 κατημένου
1626 799 1865 874 Εὐηνίου
1906 799 1910 804 ’

269 887 327 943 ἐν
360 885 531 964 θώκῳ,
569 885 828 948 ἐλθόντες
865 889 920 944 οἳ
955 885 1253 962 παρίζοντο
1290 885 1381 942 καὶ
1416 884 1621 964 λόγους
1657 884 1868 950 ἄλλους

266 975 566 1041 ἐποιεῦντο,
595 979 649 1034 ἐς
675 973 708 1032 ὃ
743 973 1076 1048 κατέβαινον
1102 972 1549 1046 συλλυπεύμενοι
1578 975 1655 1050 τῷ
1680 973 1863 1032 πάθεϊ·

266 1059 438 1136 ταύτῃ
479 1059 540 1118 δὲ
577 1058 880 1139 ύπᾷγοντες
919 1059 1171 1136 εἶρῶτεον
1208 1059 1330 1118 τίνα
1372 1059 1528 1134 δίκην
1558 1057 1628 1119 ἂν
1660 1060 1863 1133 ἕλοιτο,

187 1209 190 1212 ,
268 1149 316 1204 εἷ
355 1146 599 1205 ἐθέλοιεν
631 1144 1081 1222 Ἀπολλωνιῆται
1122 1146 1275 1209 δίκας
1313 1145 1625 1222 ὑποστῆναι
1666 1146 1865 1208 δώσειν

264 1236 374 1291 τῶν
416 1234 721 1309 ἐποίησαν·
707 1279 745 1346 'u
792 1233 824 1293 ὁ
867 1233 928 1292 δὲ
969 1260 1068 1294 ουκ
1112 1232 1359 1308 οἷκηκοως
1398 1234 1463 1293 τὰ
1508 1234 1861 1312 θεοπρόπιον,

265 1319 450 1380 εἵλετο
476 1345 651 1384 ειπας’
693 1321 745 1380 ει
770 1322 854 1384 τίς
881 1347 936 1380 οι
968 1320 1154 1398 δοίη’
1118 1346 1325 1402 αγρους
1358 1323 1467 1381 τῶν
1508 1319 1712 1400 α’στῶν,
1742 1320 1861 1382 ὄνο-

261 1433 454 1482 μασας
475 1411 632 1468 τοῖσι
654 1407 936 1482 ἠπίστατο
965 1408 1104 1467 εἶναι
1132 1409 1471 1471 καλλίστους
1498 1408 1596 1468 δύο
1623 1409 1864 1486 κλήρους

263 1499 373 1554 τ’ὢν
413 1501 472 1554 ἐν
509 1500 582 1574 τῇ
619 1495 993 1574 Ἀπολλωνίῃ,
1023 1496 1116 1556 καὶ
1151 1521 1370 1572 οικησιν
1408 1497 1548 1572 πρὸς
1587 1495 1855 1568 τούτοισι,

262 1579 366 1654 τήν
395 1581 523 1660 ᾔδεε
551 1583 866 1658 καλλίστην
898 1587 1104 1642 ἐοῦσαν
1129 1586 1251 1643 τῶν
1275 1587 1333 1642 ἐν
1358 1588 1429 1662 τῇ
1457 1584 1613 1643 πόλι·
1652 1583 1861 1645 τούτων

263 1667 340 1737 δὲ,
382 1669 510 1745 ἔφη,
553 1668 842 1746 ἐπήβολος
879 1669 1173 1750 γενόμενος
1212 1673 1313 1731 τοῦ
1352 1674 1556 1730 λοιποῦ
1598 1670 1861 1748 α’μήνιτος

264 1753 418 1830 εἶναι,
448 1757 541 1816 καὶ
567 1757 723 1832 δίκην
749 1761 802 1816 οἱ
835 1757 1041 1833 ταύτην
1078 1756 1335 1837 οἷποχρᾶν
1364 1760 1681 1840 γενομένην.
1764 1761 1857 1820 καὶ

262 1841 295 1900 ὁ
319 1845 423 1919 μὲν
447 1847 628 1904 ταῦτα
659 1845 834 1925 ἔλεγε,
863 1848 916 1904 οἶ
958 1845 1016 1903 δὲ
1052 1844 1317 1924 πάρεδροι
1354 1847 1514 1907 εἶπαν
1539 1846 1860 1924 ὑπολαβόν-

261 1955 368 1994 τες·
411 1942 452 2001 ,“
467 1931 684 2009 Εὐήνιε,
722 1932 930 2009 ταύτην
966 1933 1123 2010 δίκην
1156 1932 1606 2011 Ἀπολλωνιῆται
1640 1940 1741 2012 τῆς
1772 1940 1857 1996 ἐκ·

259 2018 585 2094 τυφλῶσιος
614 2021 898 2082 ἐκτίνουσί
931 2045 1020 2081 τοι
1062 2021 1203 2081 κατοὶ
1245 2023 1554 2098 θεοπρόπια
1593 2022 1663 2083 τσῖ
1705 2023 1859 2104 γενό-

257 2105 433 2178 μεναῖ
501 2107 534 2168 6
559 2109 664 2184 μὲν
689 2108 758 2183 δὴ
783 2108 924 2184 πρὸς
948 2114 1125 2168 ταῦτα
1151 2107 1355 2166 δεινα’
1330 2110 1591 2179 εποιέετο,
1612 2111 1859 2172 ἐνθεῦτεν

259 2193 568 2268 πυθόμενος
592 2194 691 2254 τᾶν
721 2195 906 2253 πάντα
939 2195 1133 2274 λόγον,
1163 2193 1235 2256 ὥς
1270 2194 1647 2270 ἐξαπατηθείς·
1690 2199 1743 2254 οἱ
1778 2197 1855 2268 δε,

259 2302 551 2354 πριαμενοι
574 2304 726 2355 παρα
749 2283 859 2338 τῶν
888 2279 1211 2354 ἐκτημένων,
1235 2280 1454 2338 διδοῦσί
1476 2305 1529 2338 οι
1553 2305 1626 2340 τα
1654 2282 1855 2343 εἵλετο.

259 2364 352 2424 καὶ
374 2390 520 2443 μετα
543 2369 718 2424 ταῦτα
745 2363 943 2425 αυτίκα
973 2367 1223 2442 ἔμφυτον
1253 2365 1523 2443 μαντικὴν
1551 2366 1752 2446 εἶχε,
1710 2395 1857 2430 ωστε

259 2453 352 2510 καὶ
380 2451 726 2529 οὖνομαστὸς
749 2453 1032 2534 γενέσθαι.

337 2538 549 2600 Τούτου
602 2539 670 2616 δή
724 2539 757 2599 6
811 2540 1096 2616 Δηίφονος
1144 2539 1245 2599 ἐῶν
1290 2543 1421 2602 παῖς
1459 2544 1559 2600 τοῦ
1598 2541 1853 2618 Εὐηνίου,
1871 2549 1948 2604 95

257 2625 502 2707 ἀγόντων
553 2627 879 2703 Κορινθίων,
927 2624 1254 2705 ἐμαντεύετο
1297 2631 1368 2706 τῇ
1410 2632 1665 2706 στρατιῇ.
1746 2629 1851 2706 ἤδη

257 2712 316 2772 δὲ
343 2715 436 2774 καὶ
461 2713 655 2776 τόδε
617 2741 854 2791 ηκουσα,
881 2742 954 2780 ως
989 2714 1022 2775 6
1058 2715 1344 2791 Δηιφονος
1384 2715 1727 2792 ἐπιβατεύων
1750 2724 1850 2776 τοῦ

254 2799 493 2877 Εὐηνίου
527 2800 848 2880 ουνόματος,
888 2801 1240 2880 ἐξελάμβανε
1276 2801 1443 2863 ἐπιων
1472 2803 1575 2879 τήν
1597 2803 1851 2865 Ἐλλάδα

255 2887 408 2968 ἔργα,
435 2887 536 2948 οὐκ
562 2889 664 2950 ἐων
697 2888 938 2966 Εὐηνίου
969 2893 1121 2955 παῖς.
1202 2894 1368 2952 Τοῖσι
1407 2891 1466 2950 δὲ
1497 2889 1753 2970 Ἕλλησι
1780 2892 1851 2957 ὥς
1868 2895 1944 2953 96

254 2977 638 3052 ἐκαλλιέρησε,
681 2975 892 3059 ανῆγον
930 3004 1032 3043 τας
1072 2979 1198 3043 νέας
1236 2983 1299 3040 ἐκ
1337 2983 1439 3055 τῆς
1474 2980 1671 3057 Δήλου
1711 2981 1850 3059 πρὸς

251 3060 356 3138 τῆν
409 3063 619 3140 Σάμον·
701 3066 821 3125 ἐπει
875 3065 935 3126 δὲ
981 3067 1233 3148 ἐγένοντο
1290 3071 1392 3144 τῆς
1445 3069 1661 3146 Σαμίης
1710 3069 1852 3148 πρὸς

253 3150 598 3227 Καλάμοισι,
659 3179 712 3213 οι
763 3155 868 3230 μὲν
930 3152 1103 3214 αυτοῦ
1160 3154 1530 3235 ὁρμισάμενοι
1589 3155 1730 3218 κατὰ
1780 3157 1848 3218 τό

251 3233 483 3313 ἹΙραῖον
534 3239 600 3301 τό
652 3240 842 3320 ταύτῃ,
897 3243 1275 3321 παρεσκευάζτ.
1283 3270 1394 3306 ντο
1422 3248 1476 3308 ἐς
1517 3247 1847 3325 ναυμαχίην·
