2192 3409
342 118 438 167 132
953 117 1319 165 ἮΡοΔοΤοϊ
1773 116 1931 181 [vn.

335 220 450 257 νον·
493 194 546 255 οἳ
587 193 882 273 διαβάντες
917 198 974 258 ἐς
1003 193 1110 272 τήν
1134 192 1409 272 Εὐρώπην
1437 194 1577 255 κατὰ
1614 193 1934 275 Βόσπορον,

335 282 462 346 τούς
486 309 550 344 τε
576 282 820 360 Θρήϊκας
847 280 1535 362 κατεστρέψαντοπάντας
1570 281 1663 341 καὶ
1705 285 1798 343 ε’πὶ
1837 284 1937 345 τόν

333 369 532 431 Ἰόνιον
567 369 773 431 πόντον
810 372 1155 447 κατέβησαν,
1182 369 1351 449 μέχρι
1389 395 1451 428 τε
1484 374 1726 445 Πηνειοῦ
1766 399 1935 432 ποτα-

239 458 310 517 21
333 462 444 533 μοΰ
480 461 579 517 τοῦ
615 456 757 533 πρός
796 457 1162 535 μεσαμβρίης
1198 455 1442 532 ἤλασαν.
1514 453 1693 515 Αὖται
1733 460 1791 516 αἶ
1831 463 1935 517 πᾶ-

335 570 453 615 σαι,
475 544 568 603 καὶ
595 543 706 604 οὐδ’
734 545 990 621 εἶ.ἔτεραι
1015 543 1157 621 πρὸς
1181 542 1421 621 ταύτῃσι
1445 542 1737 625 γενόμεναι
1763 571 1933 623 στρα-

333 632 621 706 τηλασίαι,
648 634 781 708 μιῆς
819 630 995 708 τῆσδε
1037 630 1138 690 οὐκ
1163 630 1332 699 ἄξιαι.
1414 631 1476 689 τί
1494 630 1605 711 γοῖρ
1633 631 1731 691 οὔκ
1757 632 1934 714 ἤγαγε

335 723 395 777 ἐκ
421 722 523 795 τῆς
559 717 759 795 Ἀσίης
785 719 939 782 ἔθνος
965 717 1057 778 ἐπὶ
1081 717 1186 794 τήν
1211 716 1466 777 Ἐλλάδα
1494 719 1737 795 Ξέρξης;
1780 724 1935 781 κοῖον

333 806 394 865 δὲ
419 805 714 885 πινόμενόν
737 832 836 885 μιν
861 805 1004 883 ὕδωρ
1039 804 1139 865 οὔκ
1176 806 1424 876 ε’πέλιπε,
1453 806 1607 881 πλὴν
1631 810 1740 866 τῶν
1763 808 1931 887 μεγά-

332 897 447 954 λων
489 897 787 973 ποταμξῶν,
832 897 885 955 οἱ
923 896 1028 973 μὲν
1067 893 1179 976 γὰρ
1222 893 1347 957 νέας
1388 894 1740 973 παρείχοντο,
1779 898 1833 955 οἱ
1873 894 1931 954 δὲ

333 988 390 1046 ἐς
429 982 597 1055 πεζὸν
624 982 940 1063 ἐτετάχατο·
983 985 1140 1042 τοῖσι
1185 980 1244 1041 δὲ
1294 981 1465 1045 ἵππος
1500 983 1929 1060 προσετέτακτο,

332 1075 485 1132 τοῖσι
542 1071 603 1131 δὲ
664 1070 964 1152 ἱππαγωγοὶ
1015 1073 1193 1129 πλοῖα
1246 1067 1364 1146 ἅμα
1417 1071 1928 1148 στρατευομένοισι·

332 1162 485 1219 τοῖσι
511 1159 572 1219 δὲ
597 1163 652 1223 ἐς
676 1159 775 1222 ταῖς
798 1158 1049 1240 γεφύρας
1071 1155 1291 1235 μακροῖς
1317 1156 1442 1221 νέας
1472 1157 1751 1237 παρέχειν,
1779 1162 1929 1218 τοῖσι

333 1246 394 1307 δὲ
433 1246 567 1309 σῖτά
603 1272 666 1308 τε
707 1247 799 1306 καὶ
838 1246 984 1310 νέας.

237 1338 314 1394 22
414 1336 530 1395 Καὶ
567 1337 733 1395 τοῦτο
757 1336 878 1413 μὲν,
907 1360 978 1397 ως
1001 1332 1512 1411 προσπταισάντων
1549 1338 1660 1394 τῶν
1700 1335 1928 1411 πρώτων

332 1420 742 1501 περιπλεόντων
795 1421 923 1499 περὶ
974 1448 1074 1483 τον
1117 1420 1321 1491 Ἀθων,
1378 1419 1809 1498 προετοιμάζετο
1869 1428 1928 1482 ἐκ

330 1514 496 1586 τριῶν
548 1510 708 1569 ε’τέων
761 1535 860 1569 κου
908 1500 1166 1587 μάλιστα
1214 1512 1269 1571 ἐς
1314 1507 1415 1568 τᾶν
1449 1504 1661 1567 Αθων·
1719 1513 1777 1567 ἐν
1817 1510 1926 1590 γάρ

331 1595 650 1659 Ἐλαιοῦντι
693 1599 796 1672 τῆς
841 1596 1214 1673 Χερσονήσου
1263 1593 1473 1672 ὥρμεον
1521 1594 1787 1705 τριήρεες·
1846 1602 1923 1656 ε’ν-

332 1685 522 1744 θεῦτεν
549 1683 664 1743 δὲ’
633 1710 986 1761 ορμεωμενοι,
1016 1682 1277 1761 ὤρυσσον
1311 1681 1421 1742 ὕπο
1462 1683 1753 1764 μαστίγων
1791 1710 1922 1745 παν·-

329 1772 565 1833 τοδαποὶ
603 1775 704 1849 τῆς
729 1775 1013 1848 στρατιῆς·
1055 1771 1307 1859 διάδοχοι
1338 1768 1383 1829 δ’
1412 1771 1668 1845 ἐφοίτων.
1752 1797 1925 1849 ωρυσ-

332 1886 440 1920 σον
466 1860 525 1919 δὲ
552 1860 642 1918 καὶ
670 1862 722 1919 οἱ
748 1858 874 1935 περὶ
897 1858 996 1919 τᾶν
1013 1858 1201 1918 Ἀθων
1227 1858 1633 1936 κατοικημένοι.
1701 1858 1922 1933 Βουβά-

327 1973 429 2025 ρης
471 1948 531 2007 δὲ
570 1974 602 2006 ο
647 1945 1010 2027 Μεγαβάζου,
1056 1946 1149 2005 καὶ
1189 1943 1530 2025 Αρταχαίης
1574 1973 1605 2005 ο
1647 1944 1922 2024 Ἀρταίου,

328 2034 518 2111 ἅνδρες
535 2034 774 2111 Πέρσαι,
800 2032 1137 2094 ἐπεστάτεον
1161 2036 1264 2094 τοῦ
1293 2034 1473 2115 ἔργου.
1558 2032 1590 2092 ὁ
1615 2033 1723 2113 γάρ
1742 2033 1925 2097 Ἀθως

303 2123 454 2193 ,ἐστὶ
499 2120 628 2199 ὅρος
671 2121 819 2202 μέγα
859 2146 922 2181 τε
967 2120 1060 2181 καὶ
1103 2119 1472 2199 οὖνομαστόν,
1520 2124 1575 2181 ἐς
1623 2120 1925 2182 θάλασσαν

332 2214 588 2287 κατῆκον,
634 2210 924 2287 οἰκημένον
965 2208 1074 2269 &vra
1121 2206 1442 2286 ἀνθρώπων·
1484 2211 1556 2285 τῇ
1591 2206 1650 2265 δὲ
1692 2212 1926 2289 τελευτᾷ

329 2304 384 2363 ἐς
407 2297 512 2375 τῆν
543 2296 772 2377 ἤπειρον
797 2297 863 2359 τὸ
890 2297 1034 2376 ὅρος,
1061 2294 1524 2377 χερσονησοειδές
1563 2295 1629 2353 τέ
1667 2299 1791 2354 ἐστι
1833 2299 1925 2355 καὶ

330 2386 534 2464 ῖσθμός
561 2385 631 2451 ὥς
657 2385 865 2447 δώδεκα
896 2384 1155 2445 σταδίων·
1198 2383 1389 2443 πεδίον
1426 2383 1485 2441 δὲ
1521 2386 1689 2442 τοῦτο
1718 2384 1809 2441 καὶ
1838 2411 1925 2442 κο·

328 2475 496 2534 λωνοὶ
532 2472 596 2535 οὗ
633 2472 873 2556 μεγάλοι
915 2478 975 2532 ἐκ
1018 2470 1319 2547 θαλάσσης
1352 2474 1451 2546 τῆς
1488 2468 1795 2530 Ἀκανθίων
1836 2472 1927 2528 ἐπὶ

328 2562 630 2621 θάλασσαν
679 2561 786 2639 τὴν
830 2560 1019 2620 άντίον
1063 2557 1347 2636 Τορώνης·
1408 2563 1464 2617 ἐν
1513 2558 1571 2617 δὲ
1619 2563 1695 2635 τῷ
1744 2560 1927 2635 ἰσθμῷ

327 2647 518 2725 τούτῳ,
552 2653 607 2711 ἐς
640 2647 739 2708 τόν
763 2650 998 2727 τελευτᾷ
1039 2646 1070 2706 ὁ
1094 2645 1296 2718 Ἀθως,
1328 2644 1478 2722 Σάνη
1510 2644 1677 2709 πόλις
1715 2644 1928 2707 Ἑλλὰς

329 2735 562 2810 οἴκηται·
603 2762 662 2793 αι
689 2736 801 2794 δὲ’
775 2733 929 2799 εντός
957 2733 1194 2811 Σάνης”
1166 2760 1275 2793 εσω
1302 2735 1360 2794 δὲ
1386 2738 1488 2794 τοῦ
1518 2733 1675 2794 Ἀθω
1710 2734 1925 2810 οἰκημέ

329 2848 434 2891 ναι,
461 2821 560 2885 τὰς
583 2822 711 2883 τότε
739 2822 771 2883 ὅ
794 2824 1023 2901 Πέρσης
1050 2821 1443 2900 νησιωτιδας’
1407 2822 1532 2883 αντὶ
1557 2821 1929 2901 ἠπειρωτίδων

328 2934 548 2986 ωρμητο
565 2911 904 2979 ποιέειν,εῖσι
883 2910 1057 2970 αἵδε·
1077 2913 1235 2981 Δῖον,
1241 2909 1584 2985 Ὀλόφυξος,
1590 2909 1927 2988 Ἀκραθωον,

329 2994 573 3066 Θύσσος,
595 2995 869 3055 Κλεωναί·
911 2999 1076 3059 πόλις
1103 3000 1208 3072 μὲν
1226 2995 1406 3069 αὗται,
1430 2997 1489 3055 αἳ
1512 2996 1613 3057 τᾶν
1633 2997 1821 3079 Ἀθων
1847 2998 1929 3057 νέ-

233 3083 311 3139 23
332 3107 548 3157 μονται.
620 3082 914 3159 Ὠρυσσον
941 3083 1000 3142 δὲ
1028 3080 1152 3141 ὦδε·
1195 3083 1500 3160 δασάμενοι
1532 3083 1632 3143 τόν
1658 3087 1843 3163 χῶρον
1876 3088 1929 3142 οἶ

329 3166 622 3245 βάρβαροι
651 3168 792 3227 κατὰ
818 3170 991 3239 ἔθνεα,
1010 3169 1153 3228 κατοῖ
1169 3169 1354 3245 Σάνην
1380 3170 1552 3230 πόλιν
1579 3172 1929 3249 σχοινοτενὲς

331 3254 718 3327 ποιησάμενοι·
761 3256 880 3313 ἐπεὶ
923 3256 982 3313 δὲ
1026 3256 1241 3336 ἐγένετο
1283 3256 1492 3330 βαθεῖα
1536 3256 1573 3329 ἦ
1616 3254 1831 3332 διώρυξ,
1876 3260 1929 3316 οἱ
