2192 3409
277 115 488 180 21—25]
899 112 1267 163 ΠοΛτΜΝῙΑ.
1730 104 1735 111 ·
1769 114 1862 162 133

275 199 389 269 μὲν,
419 194 704 254 κατώτατα
733 197 1008 263 ἑστεῶτες,
1038 192 1313 269 ὤρυσσον·
1358 192 1535 269 ἕτεροι
1562 192 1620 251 δὲ
1646 193 1863 268 παρεδί-

275 284 448 343 δοσαν
487 282 587 343 τόν
629 283 736 340 αἰεὶ
784 280 1229 358 ἐξορυσσόμενον
1275 284 1413 359 χοῦν
1460 278 1695 339 ἄλλοισι
1738 306 1865 339 κατ-

275 370 475 447 ύπερθε
518 373 754 430 ἑστεῶσι
798 369 888 428 ἐπὶ
923 366 1175 445 βάθρων·
1217 370 1269 427 οἶ
1310 367 1355 427 δ’
1396 366 1465 427 αι’)
1503 366 1862 444 ἐκδεκόμενοι,

275 461 528 535 ἑτέροισι,
573 458 670 521 ἕως
715 456 981 517 ἀπίκοντο
1025 462 1080 519 ἐς
1120 456 1250 518 τούς
1294 454 1566 515 ἀνωτάτω·
1610 453 1762 515 οὗτοι
1806 456 1864 514 δὲ

275 546 567 623 ἐξεφόρεόν
592 572 654 604 τε
681 546 773 605 καὶ
801 545 1141 621 ἐξέβαλλον
1184 548 1340 604 τοῖσι
1364 544 1468 621 μέν
1492 554 1588 603 νὐν
1614 542 1864 613 ἄλλοισι,

274 634 423 711 πλην
474 636 756 705 Φοινίκων,
811 632 1337 739 καταρρηγνύμενοι
1368 635 1421 691 οἱ
1476 632 1709 709 κρημνοὶ
1766 636 1866 691 τοῦ

273 721 603 832 ὀρύγματος
619 722 794 782 πόνον
829 719 1132 796 διπλήσιον
1170 724 1455 799 παρεῖχον·
1498 717 1595 779 ἅτε
1619 720 1729 799 γὰρ
1764 723 1867 779 τοῦ

271 835 332 869 τε
355 808 468 869 ἅνω
495 810 776 887 στόματος
805 809 894 868 καὶ
919 812 1020 869 τοῦ
1049 808 1194 867 κάτω
1220 807 1291 867 ‘rot
1317 806 1456 867 αὕτα
1480 808 1658 884 μέτρα
1683 833 1863 867 ποιευ-

270 899 464 973 μένων,
493 899 700 974 ἔμελλέ
725 904 838 974 σφι
862 900 1082 957 τοιοῦτο
1110 892 1535 971 ἀποβήσεσθαι·
1579 895 1718 955 οἶδὲ
1738 896 1865 955 Φοί-

273 1012 414 1047 νικες
433 987 648 1061 σοφίην
675 988 731 1045 ἔν
754 1011 816 1045 τε
841 989 994 1044 τοῖσι
1018 982 1255 1043 α”λ-λοισι
1282 984 1497 1063 ἔργοισι
1522 982 1866 1043 οἷποδείκνυν-
1940 1015 1945 1019 ·

271 1097 378 1143 ται,
408 1074 498 1131 καὶ
535 1074 602 1148 δὴ
641 1074 732 1131 καὶ
770 1078 828 1133 ἐν
867 1072 1070 1151 ἐκείνῳ·
1112 1070 1496 1150 ἀπολαχόντες
1520 1071 1629 1151 γοίρ
1670 1070 1867 1148 μόριον

271 1158 410 1219 ὅσον
451 1159 674 1219 αὐτοῖσι
707 1160 1012 1236 ἐπέβαλλε,
1041 1158 1293 1237 ὅρυσσον
1316 1159 1382 1218 τό
1407 1162 1511 1234 μὲν
1536 1157 1647 1217 ἅνω
1678 1158 1865 1235 στόμα

270 1251 372 1321 τῆς
395 1246 660 1327 διώρυχος
685 1251 965 1311 ποιεῦντες
991 1246 1297 1323 διπλήσιον
1328 1244 1365 1322 ἢ
1392 1245 1533 1305 ὅσον
1562 1246 1667 1305 ἔδει
1694 1245 1867 1322 αὐτὴν

270 1335 375 1410 τήν
409 1334 650 1414 διώρυχα
685 1336 966 1417 γενέσθαι·
1007 1335 1415 1412 προβαίνοντος
1450 1334 1511 1393 δὲ
1551 1336 1649 1393 τοῦ
1687 1335 1864 1415 ἔργου,

271 1428 516 1503 συνῆγον
543 1424 666 1483 αἰεί·
709 1423 855 1483 κάτω
879 1448 942 1483 τε
967 1424 1036 1499 δὴ
1065 1422 1292 1503 ἐγίνετο,
1316 1424 1403 1481 καὶ
1434 1422 1689 1492 ἐξισοῦτο
1714 1426 1867 1483 τοῖσι

271 1509 504 1570 ἄλλοισι
528 1511 594 1571 τό
623 1512 803 1591 ἔργον.
887 1513 1121 1571 ἐνθαῦτα
1148 1512 1209 1569 δὲ
1234 1510 1443 1587 λειμών
1470 1515 1609 1580 ἐστι,
1640 1510 1728 1569 ἵνα
1754 1516 1866 1587 σφι

271 1596 450 1677 οἷγορή
475 1624 536 1658 τε
565 1598 779 1679 ἐγίνετο·
801 1600 894 1657 καὶ
910 1598 1235 1675 πρητήριον·
1264 1602 1423 1661 σῖτος
1442 1598 1505 1657 δέ
1523 1605 1699 1674 σφισι
1725 1603 1866 1657 πολ-

269 1684 374 1763 λὸς
416 1686 615 1760 ἐφοίτα
657 1690 716 1744 ἐκ
757 1688 858 1762 τῆς
898 1686 1096 1762 Ἀσίης
1136 1684 1541 1763 ἀληλεσμένος.
1623 1684 1721 1749 Ὡς
1759 1690 1863 1762 μὲν
1884 1690 1959 1747 24

272 1773 370 1847 ἐμὲ
401 1772 908 1850 συμβαλλεόμενον
940 1773 1229 1851 εῦρίσκειν,
1257 1774 1764 1855 μεγαλοφροσύνης
1792 1776 1861 1833 εἴ-

269 1885 402 1918 νεκα
435 1860 570 1921 αὐτὰ
598 1862 808 1937 Ξέρξης
834 1860 1103 1939 ὀρύσσειν
1129 1862 1362 1931 ἐκέλευε,
1393 1863 1599 1923 ἐθέλων
1624 1889 1686 1923 τε
1713 1864 1864 1923 δύνα-

267 1972 367 2023 μιν
391 1946 822 2011 ἀποδείκνυσθαι
849 1950 942 2009 καὶ
966 1948 1303 2028 μνημόσυνα
1328 1952 1617 2011 λιπέσθαι·
1659 1952 1867 2029 παρεὸν

267 2035 380 2115 γάρ
419 2036 628 2111 μηδένα
669 2038 844 2099 πόνον
886 2038 1175 2113 λαβόντας
1216 2036 1318 2099 τᾶν
1362 2038 1567 2115 ἰσθμὸν
1602 2038 1703 2101 τοῖς
1744 2041 1866 2103 νέας

268 2122 556 2200 διειρύσαι,
600 2125 865 2203 ὀρύσσειν
907 2126 1125 2183 ἐκέλευε
1172 2124 1435 2203 διώρυχα·
1457 2129 1529 2204 τῇ
1578 2126 1864 2205 θαλάσσῃ,

268 2209 428 2286 εὖρος
465 2212 535 2275 ὥς
571 2213 671 2271 δύο
711 2211 965 2289 τριήρεας
997 2213 1191 2273 πλέειν
1231 2212 1371 2290 ὁμοῦ
1408 2216 1861 2292 ἐλαστρευμένας.

265 2302 423 2357 τοῖσι
449 2299 508 2357 δὲ
535 2298 759 2359 αὐτοῖσι
783 2298 1050 2373 τούτοισι,
1082 2301 1241 2359 τοῖσί
1266 2326 1371 2379 περ
1406 2303 1498 2361 καὶ
1528 2302 1595 2361 τό
1630 2301 1863 2382 ὄρυγμα,

266 2386 684 2462 προσετέτακτο
721 2387 815 2444 καὶ
846 2386 946 2447 rav
973 2387 1266 2465 Στρυμόνα
1298 2388 1571 2467 ποταμόν
1587 2388 1878 2459 ζεύξαντας

265 2476 616 2553 γεφυρῶσαι.

351 2563 537 2620 Ταῦτα
561 2560 666 2637 μέν
692 2586 788 2622 νυν
813 2562 955 2623 οὕτω
976 2564 1174 2623 ἐποίεε·
1215 2562 1668 2642 παρασκευάζετο
1696 2564 1756 2623 δὲ
1777 2566 1866 2622 καὶ
1886 2569 1959 2622 25

266 2645 425 2705 ὅπλα
469 2652 524 2711 ἐς
559 2648 664 2712 ταῖς
699 2649 949 2729 γεφύρας
981 2651 1241 2729 βύβλινά
1280 2678 1343 2712 τε
1388 2652 1478 2711 καὶ
1520 2652 1866 2723 λευκολίνου,

268 2734 534 2805 ἐπιτάξας
574 2737 792 2807 Φοίνιξί
827 2764 890 2797 τε
933 2739 1026 2798 καὶ
1068 2740 1429 2821 Αἰγυπτίοισι
1472 2742 1565 2799 καὶ
1608 2743 1764 2801 σιτία
1798 2746 1869 2819 τῇ

267 2828 510 2901 στρατιῇ
553 2826 956 2902 καταβάλλειν,
997 2827 1085 2887 ἵνα
1119 2827 1201 2905 μὴ
1244 2827 1494 2907 λιμῄνειε
1536 2827 1575 2904 ηι
1610 2830 1867 2906 στρατιή,

264 2910 410 2985 μηδὲ
433 2911 506 2970 ταῖ
531 2910 804 2993 ὑποζύγια
833 2914 1174 2992 ἐλαυνόμενα
1195 2916 1287 2973 ἐπὶ
1311 2916 1415 2991 τήν
1440 2915 1711 2975 Ἑλλάδα·
1740 2916 1867 2975 α’να-

265 2997 578 3075 π-υθόμενος
611 3000 670 3058 δὲ
709 3000 838 3063 τούς
862 3001 1090 3079 χώρους,
1122 3002 1506 3079 καταβάλλειν
1533 3006 1751 3063 ἐκέλευε
1786 3006 1872 3063 ἵνα

267 3086 703 3163 ἐπιτηδεώτατον
741 3089 842 3162 εἴη,
885 3088 1067 3149 ἄλλον
1108 3088 1261 3166 ἄλλῃ
1302 3090 1621 3170 ἀγινέοντας
1660 3091 1869 3151 ὁλκάσι

264 3198 329 3230 τε
359 3174 450 3233 καὶ
475 3176 845 3251 πορθμηϊοισι
877 3182 936 3234 ἐκ
967 3181 1069 3252 τῆς
1095 3176 1293 3253 Ἀσίης
1319 3179 1688 3257 πανταχόθεν.
1771 3180 1871 3239 τὸν

265 3258 408 3318 δὲ’
369 3286 442 3322 ων
477 3265 752 3323 πλεῖστον
793 3267 847 3324 ἐς
889 3264 1108 3337 Λευκην
1141 3263 1348 3340 Ἀκτήν
1392 3268 1733 3344 καλεομένην
1772 3272 1873 3345 τῆς

429 3348 444 3367 η
461 3348 478 3367 ς

285 3344 342 3367 ΤΥ
