2192 3409
267 100 544 166 108—112]
869 98 1277 149 ΤΕΡΨῙΧΟΡΗ.
1801 102 1863 148 53

267 186 364 261 μὲν
404 182 658 243 τούτοισι
704 180 1028 260 α’μείψναντο·
1087 180 1230 257 μετοὶ
1278 180 1353 249 δὲ,
1400 177 1645 255 ’ἡκόντων
1701 185 1755 243 ἐς
1798 181 1865 239 rii

265 272 452 330 πέδιον
490 270 556 329 τὸ
601 269 952 345 Σαλαμινίων
990 273 1101 327 τῶν
1142 268 1425 344 Περσέων,
1470 268 1771 329 διέτασσον
1813 272 1867 327 οἱ

265 360 536 433 βασιλέες
573 363 682 417 τῶν
725 358 988 433 Κυπρίων
1026 356 1155 419 τούς
1193 359 1297 433 μὲν
1337 354 1547 419 ἄλλους
1584 357 1866 433 Κυπρίους

265 446 404 505 καταῖ
429 446 560 509 τούς
586 444 797 507 ἄλλους
834 441 1176 521 στρατιώτας
1203 442 1649 517 ἀντιτάσσοντες,
1682 446 1865 507 Σαλα-

263 536 454 611 μινίων
481 536 538 593 δὲ
569 535 660 593 καὶ
689 533 906 599 Σολίων
933 532 1303 601 ἀπολέξαντες
1338 532 1415 592 τὰ
1443 531 1677 609 ἄριστον
1713 532 1865 593 α’ντέ-

262 648 482 683 τασσον
527 624 810 700 Πέρσῃσι.
893 619 1179 701 Ἀρτυβίῳ
1212 621 1271 679 δὲ
1310 626 1387 701 τῷ
1428 626 1725 703 στρατηγῷ
1758 626 1867 682 τῶν

263 712 532 787 Περσέων
547 710 840 785 ἐθελοντὴς
859 710 1239 769 ἀντετάσσετο
1252 709 1576 785 Ὀνήσιλος.
1608 710 1825 771 ”Ηλαυ-
1846 715 1911 771 11
1928 718 1954 771 l

263 824 322 859 νε
347 800 406 859 δὲ
435 800 606 859 ἵππον
633 799 664 859 ὁ
690 798 990 875 Ἀρτύβιος
1031 798 1421 879 δεδιδαγμένον
1452 800 1594 875 πρός
1628 800 1867 876 ὁπλίτην

265 887 535 949 ἵστασθαι
555 886 742 965 ὀρθόν.
825 886 1135 964 πυθόμενος
1178 886 1249 947 ὧν
1276 892 1451 947 ταῦτα
1484 886 1516 946 ὁ
1542 886 1863 963 Ὀνήσιλος,
1894 936 1919 957 .

263 974 332 1050 ἦν
355 976 464 1057 γάρ
492 979 546 1035 οἱ
570 975 936 1051 ὖπασπιστῆς
967 978 1127 1057 γένος
1154 979 1257 1053 μὲν
1284 976 1413 1053 Κοὶρ
1437 976 1509 1035 τοὶ
1536 976 1595 1035 δὲ
1619 978 1865 1051 πολέμια

263 1063 440 1139 κάρτα
469 1062 692 1139 δόκιμος
726 1064 816 1121 καὶ
856 1064 1044 1126 ἄλλως
1077 1064 1333 1141 λήματος
1362 1066 1551 1133 πλέος,
1580 1064 1700 1122 εἶπε
1726 1064 1867 1139 πρὸς

261 1153 480 1209 τοῦτον·
509 1150 896 1227 “πυνθοῖνομαι
919 1150 1020 1211 τᾶν
1044 1150 1349 1228 Ἀρτυβίου
1374 1153 1544 1211 ἵππον
1566 1150 1863 1226 ἱστάμενον

263 1237 448 1313 ὀρθον,
477 1238 570 1297 καὶ
595 1238 736 1297 ποσὶ
763 1238 854 1297 καὶ
881 1240 1123 1315 στόματι
1152 1240 1589 1319 κατεργάζεσθαι
1606 1239 1747 1315 πρὸς
1766 1266 1877 1299 τον.

263 1352 330 1385 αν
367 1328 740 1405 προσενεχθῇ·
790 1352 864 1385 συ
902 1326 976 1386 ὧν
1014 1326 1472 1403 βουλευσάμενος
1507 1324 1701 1385 αυτίκα
1746 1330 1863 1413 εἰπὲ

263 1412 522 1491 ὁκότερον
561 1413 804 1490 βουλεαι
843 1414 1103 1491 φυλαξας
1139 1414 1367 1490 πλῆξαι,
1406 1416 1515 1474 εἴτε
1556 1412 1653 1473 τὸν
1692 1408 1865 1475 ἵππον

265 1502 371 1561 εἴτε
412 1502 578 1562 αὐτὸν
616 1500 967 1578 ἈρτύβιονῩ
1049 1502 1171 1563 εἶπε
1211 1502 1352 1579 πρὸς
1389 1507 1565 1563 ταῦτα
1602 1502 1633 1563 ὁ
1670 1502 1861 1563 ὁπαων

263 1589 452 1649 αὐτοῦ·
495 1588 536 1647 ὦ
563 1592 828 1665 βασιλεῦ,
859 1593 1078 1668 ἑτοῖμος
1112 1593 1215 1667 μὲν
1252 1590 1359 1671 ἐγώ
1398 1595 1509 1669 εἶμι
1538 1592 1748 1649 ποιέειν
1774 1593 1867 1650 καὶ

263 1677 556 1753 ἀμφότερα
597 1677 688 1735 καὶ
726 1676 793 1737 τὸ
837 1678 1022 1753 ἕτερον
1063 1678 1258 1749 αὐτῶν,
1302 1679 1393 1737 καὶ
1432 1678 1651 1741 πάντως
1690 1679 1755 1739 τὰ
1795 1678 1865 1738 ἂν

265 1764 576 1843 ἐπιτάσσῃς
613 1764 706 1826 σύ·
761 1764 832 1828 ὦς
869 1766 1062 1842 μέντοι
1102 1766 1291 1847 ἔμοιγε
1330 1766 1506 1825 δοκέει
1540 1766 1677 1826 εἶναι
1710 1770 1863 1825 τοῖσι

263 1859 424 1913 σοῖσι
461 1854 760 1935 πρήγμασι
793 1852 1305 1930 προσφερέστερον,
1346 1854 1567 1931 φράσω·
1608 1856 1861 1930 βασιλέα

259 1944 364 2015 μὲν
401 1942 492 1999 καὶ
527 1940 845 2021 στρατηγόν
869 1940 1040 2019 χρεὸν
1077 1941 1221 2000 εἶναί
1242 1947 1391 2018 φημι
1417 1942 1660 2017 βασιλέϊ
1682 1968 1745 2001 τε
1772 1944 1863 2001 καὶ

262 2034 560 2109 στρατηγῷ
591 2030 1041 2106 προσφέρεσθαι·
1081 2028 1152 2104 ἦν
1184 2054 1247 2088 τε
1281 2028 1391 2110 γὰρ
1430 2032 1666 2108 κατέλῃς
1690 2030 1862 2107 ἄνδρα

262 2116 596 2198 στρατηγὸν,
642 2118 790 2197 μέγα
834 2142 924 2176 τοι
967 2118 1197 2197 γίνεται·
1255 2117 1345 2175 καὶ
1392 2118 1635 2194 δεύτερα,
1677 2116 1747 2193 ἢν
1792 2122 1863 2178 σὲ

263 2210 466 2267 ἐκεῖνος
498 2232 564 2263 το
600 2205 680 2281 μὴ
718 2205 953 2285 γένοιτο,
982 2203 1092 2263 ὖπό
1129 2203 1400 2283 ἀξιόχρεω
1434 2204 1527 2263 καὶ
1563 2205 1865 2264 ἀποθανεῖν

259 2293 470 2369 ἡμίσεα
511 2290 802 2369 συμφορή·
848 2290 1022 2366 ἡμέας
1059 2292 1119 2350 δε
1152 2317 1283 2355 τους
1314 2292 1590 2375 υπηρέτας
1626 2293 1869 2366 ἑτέροισί

259 2408 321 2439 τε
345 2380 656 2457 υπηρέτῃσι
687 2380 1119 2456 προσφέρεσθαι
1145 2406 1237 2438 και
1262 2405 1403 2457 προς
1429 2380 1619 2439 ἵππον·
1660 2404 1761 2437 του
1782 2404 1859 2437 συ

259 2471 359 2531 τοὶς
384 2494 642 2547 μηχανας
665 2467 838 2543 μηδὲν
872 2468 1157 2545 φοβηθῇς·
1200 2466 1309 2548 ἐγω
1334 2466 1443 2548 γοὶρ
1470 2466 1587 2547 [δή]
1616 2492 1705 2526 τοι
1730 2492 1861 2526 υπο-

261 2557 491 2633 ὃέκομαι
535 2556 617 2633 μή
661 2581 759 2632 μιν
805 2553 1002 2637 ᾆνδρὸς
1042 2556 1121 2614 ἔτι
1160 2580 1229 2637 γε
1266 2553 1502 2631 μηδενὸς
1542 2553 1863 2630 στήσεσθαι

263 2643 556 2705 ἐναντίον.”
611 2647 798 2703 Ταῦτα
824 2641 958 2713 εἶπε,
989 2644 1080 2701 καὶ
1105 2644 1409 2719 μεταυτίκα
1428 2644 1733 2724 συνέμισγε
1752 2643 1823 2702 τοὶ
1844 2647 1957 2703 112

261 2732 615 2810 στρατόπεδα
649 2732 791 2809 πεζῇ
827 2731 919 2789 καὶ
953 2732 1137 2805 νηυσί·
1181 2730 1349 2805 νηυσὶ
1385 2727 1489 2806 μέν
1530 2756 1629 2791 νυν
1658 2730 1859 2799 Ἴωνες,

260 2820 420 2897 ἄκροι
460 2819 748 2900 γενόμενοι
785 2818 992 2894 ταύτην
1028 2818 1133 2893 τὴν
1170 2817 1399 2893 ἡμέρην,
1440 2817 1863 2895 ὖπερεβάλοπο

259 2908 390 2971 τούς
414 2908 693 2970 Φοίνικας·
748 2907 840 2964 καὶ
864 2906 1074 2965 τούτων
1100 2906 1305 2982 Σάμιοι
1330 2902 1688 2981 ἠρίστευσαν·
1722 2906 1863 2981 πεζῇ

259 2996 336 3065 δὲ,
381 2996 452 3060 ὥς
497 2996 745 3071 συνῆλθε
785 2992 856 3054 τοὶ
898 2993 1269 3070 στρατόπεδα,
1319 2991 1687 3067 συμπεσόντα
1730 2990 1857 3065 ε’μά-

259 3110 452 3162 χοντο.
536 3084 676 3143 κατὰ
715 3084 774 3142 δὲ
801 3081 932 3143 τούς
967 3078 1320 3160 στρατηγοΰς
1354 3078 1706 3156 ἀμφοτέρους
1732 3074 1895 3137 τάδε’

263 3173 492 3251 ἐγίνετο·
564 3173 634 3233 ὥς
685 3170 1074 3248 προσεφέρετο
1126 3167 1267 3242 πρὸς
1318 3166 1419 3226 τὸν
1470 3166 1777 3241 Ὀνήσιλον
1832 3167 1863 3226 ὁ

261 3258 562 3333 Ἀρτύβιος
605 3260 698 3318 ε’πί
742 3262 842 3318 τοῦ
893 3257 1064 3314 ἵππου
1110 3254 1429 3331 κατήμενος,
1479 3254 1511 3313 ὁ
1558 3252 1865 3328 Ὀνήσιλος

280 3334 331 3369 ῘῙ
363 3348 450 3369 ,ἡκ
