2192 3409
290 124 437 191 1—5]
920 126 1228 176 ornum.
1781 126 1875 175 221

286 206 614 283 ἐπιτρέπειν·
656 204 999 283 ἐπιβάντων
1034 206 1093 265 δὲ
1129 208 1240 265 τῶν
1273 202 1603 284 συμμάχων,
1637 201 1785 264 εἶκον
1825 206 1880 263 οἱ

282 291 587 369 Ἀθηναῖοι,
614 295 763 376 μέγα
793 293 1160 369 πεποιημένοι
1188 295 1456 368 περιεῖναι
1488 290 1595 368 τήν
1623 289 1878 350 Ελλάδα

284 381 377 439 καὶ
414 381 638 461 γνόντες
678 387 725 442 εἰ
764 380 1150 441 στασιάσουσι
1187 379 1318 456 περὶ
1344 403 1446 453 της
1476 377 1773 459 ἡγεμονίης
1808 377 1879 441 ὥς

282 467 583 529 α’πολέεται
622 468 661 545 ἡ
697 467 929 537 Ἐλλας,
967 466 1112 544 ὀρθα
1153 471 1416 529 νοεῦντες.
1498 464 1728 548 [στάσις
1765 466 1876 547 γὰρ

284 556 536 631 ἔμφυλος
572 557 827 634 πολέμου
879 554 1324 632 ὁμοφρονέοντος
1374 552 1633 631 τοσούτῳ
1687 552 1876 613 κάκιόν

282 648 421 715 ε’στι,
449 644 567 724 ὅσῳ
596 644 847 722 πόλεμος
883 641 1141 724 εἰρήνης]
1225 640 1588 718 ἐπιστάμενοι
1623 666 1697 699 ων
1737 639 1874 701 αὐτο

280 736 461 805 τοῦτο,
502 760 601 793 ουκ
634 732 1108 801 ἅντέτεινον,αλλ
987 728 1295 791 αλλέἶκον
1327 730 1496 808 μέχρι
1531 727 1673 789 ὅσου
1699 729 1876 806 κάρτα

282 818 497 879 ἐδέοντο
524 819 719 891 αὐτῶν,
750 845 821 883 ως
846 818 1110 888 διέδεξαν·
1153 842 1225 880 ως
1247 843 1358 899 γαρ
1385 815 1518 892 δὴ’
1477 815 1756 893 ωσοῖμενοι
1781 817 1880 878 τᾶν

283 906 511 979 Πέρσεα
543 909 670 984 περὶ
699 911 803 983 τῆς
838 906 1046 965 ἐκείνου
1078 904 1188 981 ἤδη
1222 903 1322 965 τὸν
1353 903 1541 984 ἀγῶνα
1573 908 1871 977 ἐποιεῦντο,

280 992 573 1067 πρόφασιν
596 994 699 1100 τήν
727 994 1059 1054 Παυσανίεω
1084 991 1253 1069 ὕβριν
1271 991 1690 1070 προϊσχόμενοι,
1719 990 1872 1051 ἀπεί-

282 1083 339 1135 λ
325 1106 385 1138 η
384 1106 451 1138 το
490 1080 593 1155 τὴν
615 1080 962 1194 ἡγεμονίην
976 1078 1108 1142 τσῦς
1152 1078 1637 1155 Λακεδαιμονίους
1719 1077 1876 1139 σῖλλα

278 1172 453 1224 ταῦτα
478 1170 583 1243 μὲν
606 1166 843 1245 υστερον
869 1168 1105 1249 ἐγένετο.
1315 1198 1320 1207 ·

358 1252 500 1314 Τότε
538 1254 599 1314 δὲ
638 1253 792 1316 οὗτοι
838 1258 892 1314 οἱ
932 1257 1024 1314 καὶ
1064 1252 1150 1313 ἐπ’
1188 1253 1545 1331 Ἀρτεμίσιον
1583 1252 1873 1329 Ἑλλήνων
1889 1256 1928 1313 4

278 1340 619 1419 ἀπικόμενοι,
674 1342 744 1407 ὦς
784 1342 929 1405 εἶδον
966 1343 1093 1405 νέας
1130 1367 1193 1402 τε
1237 1341 1462 1405 πολλὰς
1501 1341 1873 1420 καταχθείσας

277 1434 332 1491 ἐς
381 1430 481 1494 τὰς
530 1430 777 1506 Ἀφέτας
828 1430 921 1490 καὶ
959 1434 1229 1508 στρατιῆς
1281 1427 1500 1489 ἅπαντα
1545 1429 1710 1498 πλέα,
1753 1430 1874 1489 ἐπεὶ

276 1516 499 1577 αὐτοῖσι
546 1518 701 1596 παραὶ
754 1518 921 1588 δόξαν
960 1518 1033 1578 τὰ
1070 1518 1374 1598 πρήγματα
1411 1520 1521 1596 τῷν
1559 1515 1876 1595 βαρβάρων

276 1602 615 1679 avre‘ssawc*
580 1631 618 1680 η
652 1605 723 1668 ὥς
758 1604 917 1665 αυτοὶ
954 1604 1292 1675 κατεδόκεον,
1329 1604 1871 1683 καταρρωδήσαντες,

276 1690 531 1769 δρησμὸν
554 1691 858 1768 ἐβουλευον
890 1690 1007 1752 ἀπὸ
1040 1696 1142 1752 τοῦ
1165 1692 1578 1770 Ἀρτεμισίου”
1549 1718 1659 1751 εσω
1689 1696 1746 1757 ἐς
1769 1692 1873 1770 τήν

274 1774 547 1838 Ἐλλάδα·
586 1779 811 1860 γνόντες
844 1779 909 1840 δέ
940 1786 1126 1856 σφεας
1159 1783 1214 1839 οἱ
1247 1779 1494 1857 Ευβοέες
1527 1783 1705 1843 ταῦτα
1734 1782 1872 1857 βου-

262 1867 618 1943 λευομένους,
659 1866 877 1929 ἐδέοντο
909 1867 1270 1945 Εὐρυβιάδεω
1307 1872 1644 1946 προσμεῖναι
1667 1866 1873 1947 χρόνον

272 1952 485 2033 ὀλίγον,
540 1954 653 2015 ἔστ’
706 1952 773 2015 ἂν
824 1955 983 2016 αὐτοὶ
1026 1956 1194 2016 τέκνα
1237 1981 1300 2015 τε
1351 1956 1444 2015 καὶ
1462 2030 1468 2036 .
1487 1956 1615 2019 τοῦς
1657 1956 1872 2019 οἰκέτας

270 2039 657 2103 ὑπεκθέωνται·
740 2042 811 2107 ὥς
849 2042 896 2105 δ’
937 2042 1038 2103 οὐκ
1092 2042 1326 2114 ἔπειθον,
1372 2044 1719 2121 μεταβάντες
1769 2042 1871 2104 τόν

269 2124 573 2203 Ἀθηναίων
631 2129 951 2213 στρατηγὸν
1014 2131 1276 2191 πείθουσι
1331 2132 1722 2208 Θεμιστοκλέα
1776 2131 1869 2191 ε’πὶ

268 2216 457 2294 μισθῷ
477 2216 775 2293 τριήκοντα
797 2217 1146 2289 ταλάντοισι,
1173 2218 1258 2277 ἐπ’
1285 2216 1328 2298 ᾧ
1355 2243 1420 2279 τε
1451 2219 1869 2295 καταμείναντες

270 2302 380 2379 πρό
405 2308 506 2378 τῆς
530 2302 781 2379 Εὐβοίης
805 2304 1142 2379 ποιήσονται
1164 2304 1268 2381 τὴν
1298 2305 1630 2383 ναυμαχίην.
1709 2304 1778 2364 Ὁ
1807 2305 1866 2365 δὲ
1882 2309 1920 2365 5

269 2390 689 2466 Θεμιστοκλέης
737 2390 866 2455 τοῦς
906 2390 1195 2499 Ἕλληνας
1235 2396 1489 2472 ἐπισχεῖν
1505 2446 1511 2452 .
1529 2390 1633 2451 ὧδε
1669 2392 1865 2451 ποιέει·
1887 2436 1906 2449 .-

267 2476 593 2557 Εὐρυβιάδῃ
631 2504 839 2539 τουτων
883 2484 993 2540 τῶν
1031 2480 1331 2559 χρημάτων
1374 2479 1662 2557 μεταδιδοῖ
1699 2480 1864 2539 πέντε

265 2564 533 2635 τάλαντα,
574 2592 647 2630 ως
684 2565 815 2644 παρ’
856 2570 1057 2627 εωυτοῦ
1099 2569 1264 2643 δῆθεν
1305 2566 1504 2630 διδσῦς·
1597 2593 1670 2631 ως
1707 2566 1773 2627 δέ
1809 2570 1866 2627 οἶ

265 2678 427 2715 ουτος
478 2652 861 2727 ἀνεπέπειστο,
931 2654 1310 2736 (Αδειμαντος
1363 2655 1474 2764 γὰρ
1526 2682 1558 2714 ο
1610 2654 1861 2725 Ὠκυτου,

264 2742 561 2816 Κορίνθιος
598 2742 929 2825 στρατηγὸς,
954 2747 1065 2803 τῶν
1103 2745 1318 2803 λοιπῶν
1334 2741 1600 2849 ἤσπαιρε
1637 2746 1859 2821 μοῦνος,

262 2826 511 2905 φάμενος
540 2828 995 2892 οἶποπλῶσεσθαί
1018 2856 1081 2892 τε
1121 2828 1236 2890 ἀπο
1258 2833 1361 2890 τοῦ
1384 2829 1742 2907 Ἀρτεμισίου
1768 2856 1860 2890 και

260 2940 327 2973 ου
350 2916 753 2997 παραμενέειν,)
772 2916 913 2994 πρὸς
938 2918 1007 2995 δὴ
1022 2921 1224 2978 τοῦτον
1244 2914 1424 2976 εἶπε
1391 2944 1424 2977 ο
1444 2918 1860 2995 Θεμιστοκλέης

260 3002 564 3080 ἐπομόσας·
628 3016 663 3041 “
682 3004 749 3064 οὐ
790 3004 867 3065 σύ
906 3031 973 3086 γε
1010 3005 1188 3082 ἡμέας
1225 3004 1568 3083 ἀπολείψεις,
1611 3004 1738 3063 ε’πεί
1770 3028 1860 3063 τοι

260 3092 369 3170 ε’γω
398 3092 545 3168 μέζω
579 3092 729 3169 δῶρα
770 3090 1004 3152 δώσω*
968 3119 1007 3168 η
1044 3091 1393 3169 βασιλεῦς”
1357 3117 1425 3152 αν
1457 3117 1548 3153 τοι
1583 3091 1614 3151 ὁ
1647 3090 1857 3198 Μὴδων

257 3177 495 3256 πέμψειε
544 3179 885 3241 ἀπολιπόντι
934 3206 1065 3243 τους
1121 3177 1505 3258 συμμάχουςγ
1571 3177 1745 3240 ταῦτα’.
1794 3200 1857 3237 τε
1939 3232 1950 3239 .

258 3262 382 3395 iffi:
399 3264 649 3395 ἡγιιέρευε,
677 3268 769 3327 καὶ
804 3267 1011 3344 πέμπει
1048 3265 1140 3327 ἐπὶ
1173 3266 1277 3343 τήν
1315 3265 1412 3327 νέα
1439 3265 1543 3340 τὴν
1569 3261 1856 3338 Ἀδειμαν-
