2192 3409
322 97 412 145 186
922 94 1288 143 ἭΡοΔοτοί·
1755 92 1918 158 [vn.

318 175 457 234 οὕτω
487 172 808 252 προσάντης
842 174 1189 240 κατίσταται,
1214 171 1376 248 ἡμεῖς
1405 194 1462 231 τι
1495 169 1792 249 ὖπείξομεν
1815 178 1923 233 τοῦ

314 261 551 341 αρχαίου
598 262 794 343 λόγου·
844 264 893 320 εἰ
929 262 1031 319 τοῦ
1076 261 1180 336 μὲν
1226 259 1395 329 πεζοῦ
1435 256 1592 334 ὖμεῖς
1631 258 1917 339 ἡγέοισθε,

315 353 416 409 τοῦ
456 350 516 410 δὲ
558 353 812 410 ναυτικοῦ
856 347 981 430 ἐγώ·
1037 352 1084 407 εἷ
1130 347 1190 407 δὲ
1235 344 1365 422 υμῖν
1405 344 1578 421 ἡδονὴ
1625 350 1726 407 τοῦ
1775 373 1918 407 κατα

316 436 620 498 θάλασσαν
629 437 1021 548 ἡγεμονεύειν,
1053 438 1154 497 τοῦ
1191 436 1360 504 πεζσυ
1397 433 1506 514 ἐγώ
1539 435 1704 494 θέλω·
1747 436 1840 493 καὶ
1877 432 1917 511 ἦ

312 525 568 586 τούτοισι
612 525 783 603 υμέας
827 524 1005 603 χρέων
1052 528 1178 583 ἐστι
1219 521 1654 599 ἀρέσκεσθαι,
1617 550 1655 597 η
1697 521 1920 583 ἀπιέναι

224 614 334 672 161
357 613 667 691 συμμάχων
692 611 975 672 τοιῶνδε’
949 610 1198 688 ερήμους.
1202 602 1234 629 ”
1302 610 1493 669 Γέλων
1518 611 1622 686 μὲν
1647 610 1714 685 δὴ
1739 615 1917 671 ταῦτα

315 701 651 777 προτείνετο·
707 698 937 775 φθάσας
987 699 1047 757 δὲ
1095 697 1128 757 ὁ
1171 690 1488 773 Ἀθηναίων
1524 697 1765 777 ἅγγελος
1816 724 1918 757 τον

315 786 775 864 Λακεδαιμονίων,
816 784 1087 863 ἀμείβετό
1126 811 1224 863 μιν
1262 785 1474 845 τοῖσδε·
1531 794 1566 821 “
1585 784 1627 843 ὦ
1665 786 1915 861 βασιλεῦ

316 874 722 949 Συρηκουσέων,
750 872 851 935 οὔκ
882 872 1158 953 ἡγεμόνος
1192 873 1424 949 δεομένη
1460 872 1500 950 ἡ
1533 871 1746 935 Ἕλλας
1783 870 1918 931 εἶπέ·

313 970 534 1039 πεμψεν
565 961 740 1040 ἡμέας
774 988 915 1039 προς
945 964 1031 1031 σὲ,
1059 960 1232 1023 ἀλλὰ
1249 964 1536 1039 στρατιῆς·
1578 985 1654 1020 συ
1687 959 1810 1019 δὲ
1779 986 1916 1023 οκως

313 1050 417 1124 μὲν
453 1050 723 1127 στρατιὴν
759 1051 1001 1128 ,πέμψεις
1039 1048 1122 1125 μή
1155 1047 1459 1129 ἡγεύμενος
1497 1052 1598 1124 τῆς
1635 1046 1912 1111 Ἑλλάδος

314 1136 379 1195 οὗ
414 1138 760 1215 προφαίνεις,
799 1137 869 1200 ὥς
904 1138 963 1195 δὲ
1004 1136 1416 1216 στρατηγήσεις
1457 1134 1628 1211 αὐτῆς
1665 1134 1912 1215 γλίχεαι·

312 1224 452 1285 ὅσον
484 1227 609 1318 μέν
628 1252 725 1287 νυν
764 1225 972 1287 παντὸς
1010 1227 1112 1283 τοῦ
1145 1222 1435 1297 Ἑλλήνων
1474 1226 1722 1299 στρατοῦ
1761 1223 1913 1283 ἐδέου

312 1296 609 1393 ἡγέεσθαι,
642 1314 856 1425 ἐξήρκει
902 1312 1037 1419 ἡμῖν
1082 1315 1236 1371 τοῖσι
1274 1308 1624 1386 Ἀθηναίοισι
1669 1308 1914 1389 ἡσυχίην

312 1426 483 1481 αγειν,
512 1403 936 1478 ἐπισταμένοισι
972 1426 1042 1463 ως
1074 1428 1106 1461 ο
1133 1398 1332 1459 Λάκων
1368 1398 1552 1461 ικανός
1587 1423 1674 1458 τοι
1711 1399 1915 1475 ἔμελλε

314 1487 547 1549 ἔσεσθαι
586 1490 678 1547 καὶ
719 1489 859 1565 ὑπὲρ
906 1487 1249 1564 ἀμφοτέρων
1279 1484 1745 1567 ἀπολογεύμενος·
1796 1486 1915 1546 ἐπεί

311 1598 373 1634 τε
426 1575 487 1633 δὲ
540 1574 763 1651 ἀπάσης
816 1574 1263 1651 ἀπελαυνόμενος
1315 1575 1462 1634 δέεαι
1513 1578 1613 1648 τῆς
1657 1576 1916 1649 ναυτικῆς

312 1658 517 1739 ἄρχειν,
550 1662 691 1721 οὕτω
718 1662 831 1740 ἔχει
856 1688 965 1721 τοι·
1008 1662 1122 1722 οὔδ’
1147 1660 1217 1738 ἢν
1243 1660 1276 1723 ὄ
1301 1661 1502 1722 Λάκων
1539 1662 1664 1741 ἐπίῃ
1699 1686 1789 1721 τοι
1819 1660 1914 1738 ἅρ-

309 1773 431 1827 χειν
458 1747 642 1823 αὐτῆς,
668 1748 829 1826 ἡμεῖς
860 1748 1163 1826 ἐπήσομεν·
1205 1749 1448 1827 ἡμετέρη
1479 1749 1588 1829 γάρ
1617 1753 1742 1807 ἐστι
1773 1747 1914 1825 αὕτη

310 1862 394 1916 γε,
420 1836 501 1912 μὴ
538 1835 719 1895 αὐτῶν
749 1837 1116 1913 βουλομένων
1151 1837 1625 1917 Λακεδαιμονίων·
1660 1836 1914 1897 τούτοισι

310 1926 415 1999 μὲν
466 1922 541 1983 ὧν
592 1921 864 2003 ἡγέεσθαι
910 1925 1320 2001 βουλομένοισι
1365 1923 1468 1984 οὐκ
1523 1924 1911 1999 ἀντιτείνομεν,

311 2008 471 2089 ἄλλῳ
513 2011 573 2069 δὲ
610 2010 940 2087 παρήσομεν
982 2010 1160 2072 οὐδενὶ
1199 2012 1539 2092 ναυαρχέειν·
1580 2010 1762 2086 μάτην
1800 2010 1914 2091 γὰρ

310 2094 379 2156 ἂν
412 2095 513 2156 ὦδε
545 2096 801 2175 πάραλον
824 2097 1116 2174 Ἑλλήνων
1141 2100 1387 2176 στρατόν
1421 2102 1693 2159 πλεῖστον
1728 2098 1912 2174 εἴημεν

311 2186 613 2262 ἐκτημένοι,
657 2189 706 2245 εἰ
750 2186 1187 2264 Συρηκουσίοισι
1228 2186 1407 2250 ἐόντες
1447 2184 1735 2261 Ἀθηναῖοι
1775 2210 1912 2267 συγ-

308 2274 641 2353 χωρήσομεν
685 2278 786 2351 τῆς
830 2274 1146 2357 ἡγεμονίης,
1187 2272 1562 2353 ἀρχαιότατον
1608 2274 1712 2349 μὲν
1759 2273 1914 2335 ἔθνος

309 2362 680 2443 παρεχόμενοι
705 2366 903 2439 μοῦνοι
929 2363 991 2423 δὲ
1022 2362 1202 2425 ἐόντες
1237 2361 1302 2422 οὗ
1333 2360 1680 2439 μετανάσται
1704 2358 1910 2435 Ἑλλή-

310 2475 434 2510 νων·
482 2454 593 2511 τῶν
640 2450 734 2509 καὶ
768 2450 1024 2526 Ὄμηρος
1072 2448 1104 2509 ὅ
1154 2449 1418 2512 ἐποποιὸς
1467 2448 1638 2525 ἄνδρα
1677 2445 1912 2523 ἄριστον

308 2537 489 2612 ἔφησε
514 2542 569 2601 ἐς
585 2536 766 2597 Ἴλιον
792 2536 1113 2607 ἀπικέσθαι,
1135 2536 1298 2605 τάξαι
1324 2560 1387 2595 τε
1415 2536 1508 2595 καὶ
1527 2536 1912 2611 διακοσμῆσαι

310 2623 571 2699 στρατόν·
614 2624 753 2685 οὕτω
796 2624 895 2685 οὐκ
937 2624 1144 2688 ὄνειδος
1185 2622 1342 2683 οὐδὲν
1383 2624 1518 2700 ἡμῖν
1561 2628 1686 2683 ἐστι
1724 2622 1912 2702 λέγειν

220 2711 331 2769 162
348 2710 573 2770 ταῦτα.”
628 2710 929 2788 Ἀμείβετο
957 2713 1147 2772 Γέλων
1163 2712 1378 2773 τοῖσδε·
1411 2722 1448 2748 “
1464 2711 1604 2781 ξεῖνε
1629 2710 1908 2786 Ἀθηναῖε,

308 2795 464 2872 ὑμεῖς
498 2797 683 2857 οἴκατε
716 2798 843 2862 τοῦς
872 2800 975 2873 μὲν
1010 2798 1284 2877 ἄρχοντας
1319 2801 1463 2878 ἔχειν
1493 2797 1624 2860 τοῦς
1659 2797 1717 2855 δὲ
1749 2796 1910 2873 ἀρξο-

305 2882 503 2959 μένους
542 2882 641 2943 οὖκ
682 2885 845 2962 ἔχειν·
890 2886 1009 2943 ἐπεὶ
1046 2886 1235 2945 τοίνυν
1277 2887 1434 2945 οὐδὲν
1475 2885 1722 2945 ὑπιέντες
1763 2885 1910 2961 ἔχειν

305 2970 371 3029 τό
398 2974 510 3029 πᾶν
536 2970 771 3039 ἐθέλετε,
793 2971 893 3029 οὐκ
919 2970 987 3029 ἂν
1008 2972 1276 3045 φθάνοιτε
1303 2974 1408 3048 τήν
1425 2972 1703 3049 ταχίστην
1724 2969 1908 3047 ὀπίσω

309 3055 815 3132 ἀπαλλασσόμενοι
842 3058 935 3123 καὶ
964 3056 1342 3136 ἀγγέλλοντες
1367 3063 1438 3134 τῇ
1463 3056 1703 3115 Ἑλλάδι
1731 3055 1820 3113 ὅτι
1845 3062 1907 3114 ἐκ

308 3146 409 3198 τοῦ
442 3145 687 3200 ἐνιαυτοῦ
719 3143 788 3201 τό
825 3144 919 3218 ἔαρ
948 3142 1089 3219 αὐτῇ
1118 3142 1520 3219 ἐξαραίρηται.”
1591 3139 1753 3203 οὗτος
1785 3140 1844 3197 δὲ
1871 3141 1906 3199 ὅ

312 3224 436 3285 νόος
460 3226 621 3284 τοῦδε
644 3232 744 3285 τοῦ
776 3226 1038 3301 ῥήματος,
1066 3228 1134 3287 τὰ
1163 3230 1344 3288 ἐθέλει
1373 3228 1576 3307 λέγειν·
1619 3226 1767 3301 δῆλα
1791 3224 1906 3304 γὰρ
