2192 3409
313 92 407 141 260
510 104 517 111 ·
921 86 1288 137 ‘HPOAO'ro'r
1725 88 1917 152 [v111.

312 165 643 227 ἀπελαύνειν
684 164 883 234 ὀπίσω,
927 164 1246 241 Μαρδόνιον
1287 166 1364 235 δὲ,
1409 169 1458 227 εἰ
1503 168 1686 228 ἐθέλει
1726 196 1787 229 τε
1825 174 1924 233 καὶ

319 256 643 315 ὑποδέκεται
683 257 861 314 ταῦτα
900 253 1176 328 ποιήσειν,
1225 252 1396 313 αὐτοῦ
1439 260 1769 317 καταλιπεῖν
1810 260 1923 319 σῦν

313 348 466 405 τοῖσι
504 342 701 403 ἐθέλει·
756 345 923 401 τοῦτο
958 344 1061 417 μὲν
1098 342 1226 422 γοὶρ,
1259 340 1328 417 ἢν
1361 346 1816 422 καταστρέψηται
1845 348 1921 407 τά

318 438 468 508 φησι
501 430 714 491 ἐθέλειν
740 430 836 488 καί
858 432 911 487 οἱ
936 430 1280 509 προχωρήσῃ
1305 431 1377 489 ταῖ
1405 432 1571 507 νοέων
1607 433 1779 513 λέγει,
1809 436 1921 496 σὸν

314 521 381 580 τὸ
424 522 601 601 ἔργον,
648 519 689 577 ὦ
734 518 999 589 δέσποτα,
1041 521 1269 600 γίνεται·
1325 522 1378 579 οἷ
1424 521 1534 601 γοὶρ
1583 522 1680 580 σοὶ
1724 523 1920 583 δοῦλοι

314 609 750 687 κατεργάσαντο·
804 610 970 665 τοῦτο
1014 606 1167 677 δὲ,
1133 634 1202 683 ην
1243 608 1314 669 τοὶ
1357 610 1574 668 ἐναντία
1614 614 1712 684 τῆς
1756 618 1918 688 Μαρ-

320 695 501 755 δονίου
542 694 765 776 γνώμης
803 697 1045 805 γένηται,
1090 696 1316 773 ουδεμία
1367 696 1638 773 συμφορη
1691 699 1918 779 μεγαλη

316 784 474 843 ἔσται
509 785 612 843 σέο
648 809 711 843 τε
737 784 1051 859 περιεόντος
1080 784 1172 843 καὶ
1199 786 1414 843 ἐκείνων
1440 788 1548 844 τῶν
1573 786 1918 898 πρηγμάτων

319 872 446 949 περὶ
474 872 627 931 οἶκον
651 872 751 931 τόν
780 872 905 931 σόν·
946 870 1017 947 ἢν
1042 872 1154 952 γὰρ
1181 871 1256 931 σύ
1280 898 1342 931 τε
1369 877 1564 952 περιῇς
1589 874 1680 932 καὶ
1707 874 1858 938 οἶκος
1883 903 1916 934 ο

316 959 435 1033 σὸς,
486 958 741 1022 πολλοῦς
796 960 1073 1022 πολλάκις
1126 959 1340 1041 σ’,γῶνας
1393 961 1724 1037 δραμέονται
1785 963 1917 1039 περὶ

313 1050 507 1124 σφέων
528 1047 705 1107 αὐτῶν
736 1050 789 1107 οἱ
804 1047 1101 1122 Ἕλληνες·
1135 1048 1454 1125 Μαρδονίου
1477 1049 1554 1119 δὲ,
1581 1047 1650 1123 ἦν
1667 1074 1722 1107 τι
1741 1049 1913 1129 πάθῃ,

317 1135 489 1217 λόγος
530 1135 705 1199 οὐδεὶς
743 1135 973 1216 γίνεται·
1030 1134 1160 1195 οὖδέ
1187 1160 1244 1194 τι
1276 1140 1526 1199 νικῶντες
1557 1139 1612 1195 οἱ
1633 1135 1917 1213 Ἓλληνες

317 1228 527 1297 νικῶσι,
560 1226 763 1284 δοῦλον
803 1223 910 1282 σὸν
950 1222 1349 1285 ἀπολέσαντες·
1392 1223 1468 1283 σύ
1495 1224 1570 1293 δὲ,
1599 1227 1708 1283 τῶν
1735 1224 1916 1283 εἵνεκα

314 1311 413 1371 τᾶν
442 1312 709 1373 στόλον’
685 1311 947 1387 εποιήσω,
976 1338 1239 1388 πυρωσας
1263 1338 1362 1373 τας
1387 1310 1628 1386 Ἀθήνας
1653 1310 1917 1391 ἀπελᾲςῗ

226 1400 339 1457 103
412 1399 611 1477 Ησθη
638 1426 699 1459 τε
725 1400 792 1475 δη
820 1404 891 1477 τῇ
912 1400 1242 1478 συμβουλίῃ
1261 1400 1490 1475 Ξέρξης·
1531 1400 1782 1479 λέγουσα
1805 1427 1914 1481 γαρ

321 1487 660 1597 ἐπετύγχανε
697 1487 871 1564 τάπερ
904 1486 1070 1549 αυτὸς
1109 1487 1272 1547 ἐνόεε·
1317 1488 1442 1547 ουδε
1475 1514 1600 1568 γαρ,
1635 1491 1684 1545 εἰ
1716 1486 1917 1552 πάντες

317 1574 408 1632 καὶ
468 1580 652 1635 πᾶσαι
698 1575 1114 1651 συνεβούλευον
1162 1575 1308 1654 αὖτω
1359 1576 1558 1651 μένειν,
1625 1577 1780 1651 ἔμενε
1830 1602 1912 1645 αν,

320 1660 527 1721 δοκέειν
560 1664 703 1739 ἐμοί·
746 1661 887 1722 οὕτω
922 1662 1351 1740 καταρρωδήκεε·
1396 1664 1690 1725 ἐπαινέσας
1725 1662 1784 1721 δὲ
1813 1664 1916 1739 τήν

315 1746 693 1825 Ἀρτεμισίην,
722 1749 928 1825 ταύτην
958 1752 1062 1827 μὲν
1094 1750 1442 1811 ἀποστέλλει
1469 1750 1720 1831 ἄγουσαν
1747 1750 1916 1809 αὐτοῦ

316 1836 444 1899 τούς
484 1838 685 1901 παῖδας
727 1842 781 1900 ἐς
811 1836 1085 1913 Ἔφεσον·
1135 1839 1289 1899 νόθοι
1321 1838 1432 1920 γάρ
1467 1864 1609 1901 τινες
1638 1837 1830 1899 παῖδές
1863 1842 1916 1897 οἱ

227 1926 339 1982 104
358 1924 728 1986 συνέσποντο.
800 1926 1128 2003 Συνέπεμπε
1169 1929 1230 1985 δὲ
1265 1930 1418 1985 τοῖσι
1452 1925 1616 1984 παισὶ
1662 1924 1916 2000 φύλακον

321 2011 676 2090 Ἑρμότιμον,
696 2014 857 2095 γένος
882 2016 985 2090 μὲν
1014 2014 1175 2073 ἐόντα
1203 2014 1490 2089 Πηδασέα,
1521 2011 1832 2090 φερόμενον
1858 2014 1916 2072 δὲ

318 2098 384 2158 οὗ
414 2100 485 2160 τοὶ
520 2100 745 2177 δεύτερα
784 2104 893 2161 τῶν
933 2100 1206 2178 εὐνούχων
1240 2100 1392 2178 παρὰ
1422 2100 1680 2177 βασιλέϊ.
1764 2103 1819 2160 οἱ
1858 2101 1915 2159 δὲ

319 2188 612 2263 Πηδασέες
640 2188 887 2249 οἰκέουσι
910 2188 1049 2267 ὑπὲρ
1077 2188 1550 2265 εΑλικαρνησσοῧ·
1595 2193 1652 2249 ἐν
1680 2188 1741 2248 δὲ
1765 2193 1914 2248 τοῖσι

322 2276 650 2351 Πηδάσοισι
678 2277 931 2337 τούτοισι
968 2276 1180 2337 τοιόνδε
1210 2277 1438 2355 φέρεται
1471 2281 1707 2358 πρῆγμα
1732 2277 1912 2357 γίνεσ-

323 2363 435 2421 θαι·
466 2364 631 2425 ἐπεσῖν
650 2368 805 2425 τοῖσι
832 2364 1168 2441 α’μφικτίοσι
1189 2370 1350 2433 πᾶσι,
1371 2367 1525 2425 τοῖσι
1545 2364 1696 2442 ἀμφὶ
1714 2363 1915 2440 ταύτης

316 2451 561 2511 οἰκέουσι
592 2457 695 2528 τῆς
730 2452 945 2521 πόλιος,
975 2452 1163 2529 μέλλῃ
1188 2478 1244 2511 τι
1273 2452 1424 2515 ἐντὸς
1450 2452 1656 2530 χρόνου
1683 2454 1913 2511 ἔσεσθαι

317 2540 587 2614 χαλεπὸν,
629 2539 757 2599 τότε
798 2540 834 2615 ἡ
878 2540 1017 2617 ἱρείη
1072 2538 1268 2599 αὐτόθι
1307 2543 1410 2614 τῆς
1448 2539 1746 2615 Ἀθηναίης
1789 2539 1914 2615 φύει

225 2626 337 2687 105
356 2626 593 2706 πώγωνα
628 2626 826 2707 μέγαν·
866 2630 1032 2686 τοῦτο
1058 2626 1120 2685 δέ
1146 2632 1258 2702 σφι
1286 2627 1368 2689 δὶς
1399 2625 1506 2703 ἤδη
1536 2627 1774 2707 ἐγένετο.
1815 2626 1912 2685 Ἐκ

306 2714 524 2773 τούτων
578 2712 646 2787 δὴ
700 2718 808 2773 τῶν
863 2712 1175 2789 Πηδασέων
1227 2740 1258 2773 ο
1312 2712 1648 2791 Ερμότιμος
1691 2714 1779 2790 ἦν·
1841 2719 1914 2793 τῷ

314 2800 559 2878 μεγίστη
598 2801 746 2861 τίσις
782 2799 891 2875 ἤδη
932 2799 1244 2907 ἅδικῃθέντι
1285 2801 1502 2881 ἐγένετο
1541 2801 1763 2863 πάντων
1807 2806 1914 2862 τῶν

317 2884 476 2960 ἡμεῖς
517 2886 690 2961 ἴδμεν·
746 2884 957 2945 ἁλόντα
993 2886 1106 2966 γοῖρ
1149 2886 1317 2947 αὗτὸν
1354 2888 1465 2947 ὖπο
1507 2889 1792 2965 πολεμίων
1823 2890 1914 2949 καὶ

318 2970 672 3047 πωλεόμενον
712 2970 933 3031 ωνέεται
971 2971 1296 3043 Πανιώνιος,
1338 2973 1477 3050 ανὴρ
1519 2980 1675 3044 Χῖος,
1713 3002 1775 3039 ος
1813 3003 1915 3051 την

318 3055 451 3130 ζόην
472 3057 859 3131 κατεστήσατο
886 3057 981 3117 ἀπ’
1008 3060 1180 3139 ἔργων
1207 3059 1612 3121 οἶνοσιωτατων·
1641 3063 1780 3125 ὅκως
1805 3064 1913 3145 γσῖρ

319 3140 588 3214 κτήσαιτο
604 3143 804 3204 παῖδας
822 3144 1029 3205 εἶδεος’
1006 3145 1366 3219 επαμμένους,
1381 3148 1674 3224 ἐκτάμνων,
1687 3149 1914 3231 αγινέων

320 3225 580 3283 ἐπώλεε’
556 3252 609 3286 ες
636 3226 835 3299 Σάρδις
856 3254 915 3285 τε
938 3232 1029 3285 καὶ
1040 3230 1297 3303 Ἔφεσον
1315 3233 1615 3309 χρημάτων
1633 3236 1912 3314 μεγαλων·
