<?xml version="1.0" encoding="UTF-8"?>
<!DOCTYPE html PUBLIC "-//W3C//DTD XHTML 1.0 Transitional//EN"
    "http://www.w3.org/TR/xhtml1/DTD/xhtml1-transitional.dtd">
<html xmlns="http://www.w3.org/1999/xhtml" xml:lang="en" lang="en">
 <head>
  <title>
</title>
<meta http-equiv="Content-Type" content="text/html;charset=utf-8" />
  <meta name='ocr-system' content='tesseract 3.04.00' />
  <meta name='ocr-capabilities' content='ocr_page ocr_carea ocr_par ocr_line ocrx_word'/>
</head>
<body>
  <div class='ocr_page' id='page_1' title='image "./herodotus14herogoog_0057.png"; bbox 0 0 2192 3409; ppageno 0'>
   <div class='ocr_carea' id='block_1_1' title="bbox 299 84 1893 181">
    <p class='ocr_par' dir='ltr' id='par_1_1' title="bbox 299 84 1893 181">
     <span class='ocr_line' id='line_1_1' title="bbox 299 84 1893 181; baseline 0.005 -23"><span class='ocrx_word' id='word_1_1' title='bbox 299 84 547 181; x_wconf 55' lang='lat'><strong>99„{03]</strong></span> <span class='ocrx_word' id='word_1_2' title='bbox 894 114 1297 165; x_wconf 71' lang='grc' dir='ltr'><strong>ΤΕΡΨῙΧΟΡΗ.</strong></span> <span class='ocrx_word' id='word_1_3' title='bbox 1832 119 1893 166; x_wconf 82' lang='lat'>49</span> 
     </span>
    </p>
   </div>
   <div class='ocr_carea' id='block_1_2' title="bbox 297 194 2001 2123">
    <p class='ocr_par' dir='ltr' id='par_1_2' title="bbox 297 194 1910 1493">
     <span class='ocr_line' id='line_1_2' title="bbox 299 194 1897 277; baseline -0.002 -17"><span class='ocrx_word' id='word_1_4' title='bbox 299 202 444 261; x_wconf 74' lang='grc' dir='ltr'>ἄστυ</span> <span class='ocrx_word' id='word_1_5' title='bbox 471 206 602 261; x_wconf 74' lang='grc' dir='ltr'>πᾶν·</span> <span class='ocrx_word' id='word_1_6' title='bbox 637 200 930 277; x_wconf 83' lang='grc' dir='ltr'>καιομένου</span> <span class='ocrx_word' id='word_1_7' title='bbox 957 198 1016 258; x_wconf 81' lang='grc' dir='ltr'>δὲ</span> <span class='ocrx_word' id='word_1_8' title='bbox 1038 199 1144 260; x_wconf 77' lang='grc' dir='ltr'>τοῦ</span> <span class='ocrx_word' id='word_1_9' title='bbox 1166 194 1385 268; x_wconf 71' lang='grc' dir='ltr'>ἄστεος,</span> <span class='ocrx_word' id='word_1_10' title='bbox 1418 199 1475 257; x_wconf 77' lang='grc' dir='ltr'>οἱ</span> <span class='ocrx_word' id='word_1_11' title='bbox 1506 196 1685 257; x_wconf 82' lang='grc' dir='ltr'>Λυδοί</span> <span class='ocrx_word' id='word_1_12' title='bbox 1710 224 1773 258; x_wconf 92' lang='grc' dir='ltr'>τε</span> <span class='ocrx_word' id='word_1_13' title='bbox 1805 200 1897 257; x_wconf 85' lang='grc' dir='ltr'>καὶ</span> 
     </span>
     <span class='ocr_line' id='line_1_3' title="bbox 298 284 1897 365; baseline -0.001 -16"><span class='ocrx_word' id='word_1_14' title='bbox 298 288 428 349; x_wconf 78' lang='grc' dir='ltr'>ὅσοι</span> <span class='ocrx_word' id='word_1_15' title='bbox 457 289 741 365; x_wconf 90' lang='grc' dir='ltr'>-Περσέων</span> <span class='ocrx_word' id='word_1_16' title='bbox 780 289 998 364; x_wconf 64' lang='grc' dir='ltr'>’ἐνῆσαν</span> <span class='ocrx_word' id='word_1_17' title='bbox 1040 292 1099 347; x_wconf 91' lang='grc' dir='ltr'>ἐν</span> <span class='ocrx_word' id='word_1_18' title='bbox 1138 291 1211 365; x_wconf 81' lang='grc' dir='ltr'>τῇ</span> <span class='ocrx_word' id='word_1_19' title='bbox 1250 286 1389 345; x_wconf 85' lang='grc' dir='ltr'>πόλι</span> <span class='ocrx_word' id='word_1_20' title='bbox 1428 284 1897 363; x_wconf 68' lang='grc' dir='ltr'>ἀπολαμφθέντες</span> 
     </span>
     <span class='ocr_line' id='line_1_4' title="bbox 297 372 1894 454; baseline -0.002 -19"><span class='ocrx_word' id='word_1_21' title='bbox 297 376 590 446; x_wconf 77' lang='grc' dir='ltr'>πάντοθεν,</span> <span class='ocrx_word' id='word_1_22' title='bbox 621 376 766 436; x_wconf 78' lang='grc' dir='ltr'>ὥστε</span> <span class='ocrx_word' id='word_1_23' title='bbox 791 375 862 435; x_wconf 82' lang='grc' dir='ltr'>τοὶ</span> <span class='ocrx_word' id='word_1_24' title='bbox 887 376 1234 454; x_wconf 76' lang='grc' dir='ltr'>περιέσχατα</span> <span class='ocrx_word' id='word_1_25' title='bbox 1259 374 1561 450; x_wconf 81' lang='grc' dir='ltr'>νεμομένου</span> <span class='ocrx_word' id='word_1_26' title='bbox 1586 378 1687 432; x_wconf 83' lang='grc' dir='ltr'>τοῦ</span> <span class='ocrx_word' id='word_1_27' title='bbox 1706 372 1894 451; x_wconf 78' lang='grc' dir='ltr'>πυρός,</span> 
     </span>
     <span class='ocr_line' id='line_1_5' title="bbox 301 460 1898 543; baseline 0 -20"><span class='ocrx_word' id='word_1_28' title='bbox 301 465 393 523; x_wconf 88' lang='grc' dir='ltr'>καὶ</span> <span class='ocrx_word' id='word_1_29' title='bbox 435 464 536 523; x_wconf 78' lang='grc' dir='ltr'>οὐκ</span> <span class='ocrx_word' id='word_1_30' title='bbox 577 466 795 543; x_wconf 82' lang='grc' dir='ltr'>ἔχοντες</span> <span class='ocrx_word' id='word_1_31' title='bbox 831 462 1096 539; x_wconf 76' lang='grc' dir='ltr'>ἐξήλυσιν</span> <span class='ocrx_word' id='word_1_32' title='bbox 1129 468 1189 521; x_wconf 90' lang='grc' dir='ltr'>ἐκ</span> <span class='ocrx_word' id='word_1_33' title='bbox 1222 464 1324 521; x_wconf 79' lang='grc' dir='ltr'>τοῦ</span> <span class='ocrx_word' id='word_1_34' title='bbox 1353 460 1569 530; x_wconf 79' lang='grc' dir='ltr'>ἄστεος,</span> <span class='ocrx_word' id='word_1_35' title='bbox 1603 462 1898 538; x_wconf 80' lang='grc' dir='ltr'>συνέρρεον</span> 
     </span>
     <span class='ocr_line' id='line_1_6' title="bbox 301 548 1895 633; baseline -0.001 -22"><span class='ocrx_word' id='word_1_36' title='bbox 301 554 356 615; x_wconf 83' lang='grc' dir='ltr'>ἔς</span> <span class='ocrx_word' id='word_1_37' title='bbox 393 578 456 612; x_wconf 91' lang='grc' dir='ltr'>τε</span> <span class='ocrx_word' id='word_1_38' title='bbox 483 554 588 628; x_wconf 86' lang='grc' dir='ltr'>τὴν</span> <span class='ocrx_word' id='word_1_39' title='bbox 627 550 840 633; x_wconf 75' lang='grc' dir='ltr'>ἀγορὴν</span> <span class='ocrx_word' id='word_1_40' title='bbox 875 551 990 617; x_wconf 60' lang='grc' dir='ltr'>καὶ</span> <span class='ocrx_word' id='word_1_41' title='bbox 1008 550 1103 610; x_wconf 89' lang='grc' dir='ltr'>ἐπὶ</span> <span class='ocrx_word' id='word_1_42' title='bbox 1135 549 1236 611; x_wconf 75' lang='grc' dir='ltr'>τᾶν</span> <span class='ocrx_word' id='word_1_43' title='bbox 1278 548 1589 609; x_wconf 80' lang='grc' dir='ltr'>Πακτωλόν</span> <span class='ocrx_word' id='word_1_44' title='bbox 1623 549 1895 626; x_wconf 82' lang='grc' dir='ltr'>ποταμόν·</span> 
     </span>
     <span class='ocr_line' id='line_1_7' title="bbox 299 637 1896 721; baseline -0.002 -22"><span class='ocrx_word' id='word_1_45' title='bbox 299 637 364 703; x_wconf 86' lang='grc' dir='ltr'>ὅς</span> <span class='ocrx_word' id='word_1_46' title='bbox 389 646 502 717; x_wconf 88' lang='grc' dir='ltr'>σφι</span> <span class='ocrx_word' id='word_1_47' title='bbox 535 644 740 721; x_wconf 82' lang='grc' dir='ltr'>ψῆγμα</span> <span class='ocrx_word' id='word_1_48' title='bbox 770 642 988 719; x_wconf 85' lang='grc' dir='ltr'>χρυσοῦ</span> <span class='ocrx_word' id='word_1_49' title='bbox 1020 638 1381 715; x_wconf 79' lang='grc' dir='ltr'>καταφορέων</span> <span class='ocrx_word' id='word_1_50' title='bbox 1421 642 1482 696; x_wconf 90' lang='grc' dir='ltr'>ἐκ</span> <span class='ocrx_word' id='word_1_51' title='bbox 1520 640 1621 696; x_wconf 78' lang='grc' dir='ltr'>τοῦ</span> <span class='ocrx_word' id='word_1_52' title='bbox 1660 637 1896 714; x_wconf 76' lang='grc' dir='ltr'>Τμώλου</span> 
     </span>
     <span class='ocr_line' id='line_1_8' title="bbox 301 724 1899 809; baseline -0.001 -22"><span class='ocrx_word' id='word_1_53' title='bbox 301 727 394 787; x_wconf 75' lang='grc' dir='ltr'>διὰ</span> <span class='ocrx_word' id='word_1_54' title='bbox 415 729 594 806; x_wconf 81' lang='grc' dir='ltr'>μέσης</span> <span class='ocrx_word' id='word_1_55' title='bbox 617 731 721 803; x_wconf 84' lang='grc' dir='ltr'>τῆς</span> <span class='ocrx_word' id='word_1_56' title='bbox 743 726 954 809; x_wconf 80' lang='grc' dir='ltr'>ἆγορῆς</span> <span class='ocrx_word' id='word_1_57' title='bbox 977 727 1107 803; x_wconf 81' lang='grc' dir='ltr'>ῥέει,</span> <span class='ocrx_word' id='word_1_58' title='bbox 1136 726 1227 785; x_wconf 84' lang='grc' dir='ltr'>καὶ</span> <span class='ocrx_word' id='word_1_59' title='bbox 1262 726 1449 785; x_wconf 80' lang='grc' dir='ltr'>ἔπειτα</span> <span class='ocrx_word' id='word_1_60' title='bbox 1478 729 1531 789; x_wconf 85' lang='grc' dir='ltr'>ἐς</span> <span class='ocrx_word' id='word_1_61' title='bbox 1555 724 1656 785; x_wconf 81' lang='grc' dir='ltr'>τόν</span> <span class='ocrx_word' id='word_1_62' title='bbox 1682 725 1899 803; x_wconf 85' lang='grc' dir='ltr'>Ἕρμον</span> 
     </span>
     <span class='ocr_line' id='line_1_9' title="bbox 301 813 1901 895; baseline 0 -22"><span class='ocrx_word' id='word_1_63' title='bbox 301 816 558 893; x_wconf 78' lang='grc' dir='ltr'>ποταμόν</span> <span class='ocrx_word' id='word_1_64' title='bbox 614 816 833 885; x_wconf 79' lang='grc' dir='ltr'>ἐκδιδοῖ,</span> <span class='ocrx_word' id='word_1_65' title='bbox 881 814 914 874; x_wconf 80' lang='grc' dir='ltr'>ὁ</span> <span class='ocrx_word' id='word_1_66' title='bbox 961 814 1023 873; x_wconf 77' lang='grc' dir='ltr'>δὲ</span> <span class='ocrx_word' id='word_1_67' title='bbox 1069 818 1125 877; x_wconf 89' lang='grc' dir='ltr'>ἐς</span> <span class='ocrx_word' id='word_1_68' title='bbox 1170 813 1491 874; x_wconf 84' lang='grc' dir='ltr'>θάλασσαν·</span> <span class='ocrx_word' id='word_1_69' title='bbox 1524 873 1545 895; x_wconf 55' lang='lat'>0</span> <span class='ocrx_word' id='word_1_70' title='bbox 1560 814 1651 873; x_wconf 81' lang='grc' dir='ltr'>ἐπὶ</span> <span class='ocrx_word' id='word_1_71' title='bbox 1702 818 1901 873; x_wconf 86' lang='grc' dir='ltr'>τοῦτον</span> 
     </span>
     <span class='ocr_line' id='line_1_10' title="bbox 304 900 1900 982; baseline -0.001 -19"><span class='ocrx_word' id='word_1_72' title='bbox 304 902 375 977; x_wconf 77' lang='grc' dir='ltr'><em>δὴ</em></span> <span class='ocrx_word' id='word_1_73' title='bbox 401 903 500 963; x_wconf 82' lang='grc' dir='ltr'>τόν</span> <span class='ocrx_word' id='word_1_74' title='bbox 525 902 841 975; x_wconf 65' lang='grc' dir='ltr'>Παισωλόν</span> <span class='ocrx_word' id='word_1_75' title='bbox 866 902 959 960; x_wconf 84' lang='grc' dir='ltr'>καὶ</span> <span class='ocrx_word' id='word_1_76' title='bbox 985 906 1042 964; x_wconf 90' lang='grc' dir='ltr'>ἐς</span> <span class='ocrx_word' id='word_1_77' title='bbox 1062 900 1169 977; x_wconf 75' lang='grc' dir='ltr'>τὴν</span> <span class='ocrx_word' id='word_1_78' title='bbox 1192 900 1403 982; x_wconf 72' lang='grc' dir='ltr'>οἷγορῆν</span> <span class='ocrx_word' id='word_1_79' title='bbox 1437 900 1825 978; x_wconf 74' lang='grc' dir='ltr'>ἅθροιζόμενοί</span> <span class='ocrx_word' id='word_1_80' title='bbox 1846 904 1900 961; x_wconf 76' lang='grc' dir='ltr'>οἱ</span> 
     </span>
     <span class='ocr_line' id='line_1_11' title="bbox 303 987 1910 1069; baseline -0.004 -19"><span class='ocrx_word' id='word_1_81' title='bbox 303 1015 368 1050; x_wconf 88' lang='grc' dir='ltr'>τε</span> <span class='ocrx_word' id='word_1_82' title='bbox 392 991 568 1051; x_wconf 85' lang='grc' dir='ltr'>Λυδοὶ</span> <span class='ocrx_word' id='word_1_83' title='bbox 592 992 684 1049; x_wconf 78' lang='grc' dir='ltr'>καὶ</span> <span class='ocrx_word' id='word_1_84' title='bbox 719 995 774 1051; x_wconf 85' lang='grc' dir='ltr'>οἱ</span> <span class='ocrx_word' id='word_1_85' title='bbox 809 990 1050 1066; x_wconf 85' lang='grc' dir='ltr'>Πέρσαι,</span> <span class='ocrx_word' id='word_1_86' title='bbox 1075 987 1453 1069; x_wconf 79' lang='grc' dir='ltr'>ἠναγκάζοντο</span> <span class='ocrx_word' id='word_1_87' title='bbox 1476 988 1805 1065; x_wconf 72' lang='grc' dir='ltr'>ἀμύνεσθαι·</span> <span class='ocrx_word' id='word_1_88' title='bbox 1848 994 1910 1049; x_wconf 81' lang='grc' dir='ltr'>οἱ.</span> 
     </span>
     <span class='ocr_line' id='line_1_12' title="bbox 304 1074 1899 1155; baseline 0 -18"><span class='ocrx_word' id='word_1_89' title='bbox 304 1078 365 1137; x_wconf 87' lang='grc' dir='ltr'>δὲ</span> <span class='ocrx_word' id='word_1_90' title='bbox 380 1078 580 1148; x_wconf 86' lang='grc' dir='ltr'>Ἴωνες,</span> <span class='ocrx_word' id='word_1_91' title='bbox 607 1074 855 1155; x_wconf 81' lang='grc' dir='ltr'>ὁρέοντες</span> <span class='ocrx_word' id='word_1_92' title='bbox 891 1077 1022 1140; x_wconf 70' lang='grc' dir='ltr'>τούς</span> <span class='ocrx_word' id='word_1_93' title='bbox 1049 1079 1154 1153; x_wconf 79' lang='grc' dir='ltr'>μὲν</span> <span class='ocrx_word' id='word_1_94' title='bbox 1184 1075 1557 1154; x_wconf 76' lang='grc' dir='ltr'>ἀμυνομένους</span> <span class='ocrx_word' id='word_1_95' title='bbox 1589 1080 1700 1135; x_wconf 77' lang='grc' dir='ltr'>τῶν</span> <span class='ocrx_word' id='word_1_96' title='bbox 1733 1081 1899 1137; x_wconf 85' lang='grc' dir='ltr'>πολε-</span> 
     </span>
     <span class='ocr_line' id='line_1_13' title="bbox 304 1164 1899 1243; baseline 0.001 -20"><span class='ocrx_word' id='word_1_97' title='bbox 304 1165 448 1241; x_wconf 84' lang='grc' dir='ltr'>μίων</span> <span class='ocrx_word' id='word_1_98' title='bbox 485 1165 614 1229; x_wconf 71' lang='grc' dir='ltr'>τούς</span> <span class='ocrx_word' id='word_1_99' title='bbox 653 1166 714 1223; x_wconf 79' lang='grc' dir='ltr'>δὲ</span> <span class='ocrx_word' id='word_1_100' title='bbox 751 1165 860 1226; x_wconf 74' lang='grc' dir='ltr'>σῦν</span> <span class='ocrx_word' id='word_1_101' title='bbox 897 1164 1105 1239; x_wconf 79' lang='grc' dir='ltr'>πλήθεΐ</span> <span class='ocrx_word' id='word_1_102' title='bbox 1150 1168 1351 1243; x_wconf 75' lang='grc' dir='ltr'>πολλῷ</span> <span class='ocrx_word' id='word_1_103' title='bbox 1390 1166 1899 1242; x_wconf 81' lang='grc' dir='ltr'>προσφερομένους,</span> 
     </span>
     <span class='ocr_line' id='line_1_14' title="bbox 307 1250 1902 1332; baseline 0.001 -21"><span class='ocrx_word' id='word_1_104' title='bbox 307 1251 732 1332; x_wconf 75' lang='grc' dir='ltr'>ἐξανεχώρησαν</span> <span class='ocrx_word' id='word_1_105' title='bbox 763 1252 1044 1315; x_wconf 82' lang='grc' dir='ltr'>δείσαντες</span> <span class='ocrx_word' id='word_1_106' title='bbox 1077 1252 1221 1328; x_wconf 75' lang='grc' dir='ltr'>πρὸς</span> <span class='ocrx_word' id='word_1_107' title='bbox 1242 1251 1310 1312; x_wconf 81' lang='grc' dir='ltr'><strong>τό</strong></span> <span class='ocrx_word' id='word_1_108' title='bbox 1338 1250 1515 1327; x_wconf 73' lang='grc' dir='ltr'>οὖρος,</span> <span class='ocrx_word' id='word_1_109' title='bbox 1540 1251 1639 1311; x_wconf 83' lang='grc' dir='ltr'>τόν</span> <span class='ocrx_word' id='word_1_110' title='bbox 1664 1256 1902 1328; x_wconf 75' lang='grc' dir='ltr'>Τμῶλον</span> 
     </span>
     <span class='ocr_line' id='line_1_15' title="bbox 309 1338 1901 1418; baseline 0.001 -19"><span class='ocrx_word' id='word_1_111' title='bbox 309 1340 666 1418; x_wconf 62' lang='grc' dir='ltr'>καλεόμενον*</span> <span class='ocrx_word' id='word_1_112' title='bbox 715 1341 965 1401; x_wconf 81' lang='grc' dir='ltr'>ἐνθεῦτεν</span> <span class='ocrx_word' id='word_1_113' title='bbox 1004 1339 1065 1399; x_wconf 82' lang='grc' dir='ltr'>δὲ</span> <span class='ocrx_word' id='word_1_114' title='bbox 1102 1338 1213 1400; x_wconf 72' lang='grc' dir='ltr'>ὑπὸ</span> <span class='ocrx_word' id='word_1_115' title='bbox 1252 1338 1423 1401; x_wconf 81' lang='grc' dir='ltr'>νύκτα</span> <span class='ocrx_word' id='word_1_116' title='bbox 1452 1338 1901 1401; x_wconf 64' lang='grc' dir='ltr'>ἅπαλλάσσοπο</span> 
     </span>
     <span class='ocr_line' id='line_1_16' title="bbox 309 1430 1691 1493; baseline 0 -6"><span class='ocrx_word' id='word_1_117' title='bbox 309 1430 400 1487; x_wconf 84' lang='grc' dir='ltr'>ἐπι</span> <span class='ocrx_word' id='word_1_118' title='bbox 425 1454 526 1491; x_wconf 87' lang='grc' dir='ltr'>τας</span> <span class='ocrx_word' id='word_1_119' title='bbox 549 1430 692 1493; x_wconf 82' lang='grc' dir='ltr'>νέας.</span> <span class='ocrx_word' id='word_1_120' title='bbox 1684 1472 1691 1479; x_wconf 83' lang='grc'>-</span> 
     </span>
    </p>

    <p class='ocr_par' dir='ltr' id='par_1_3' title="bbox 311 1515 2001 2123">
     <span class='ocr_line' id='line_1_17' title="bbox 394 1515 2001 1596; baseline 0.001 -22"><span class='ocrx_word' id='word_1_121' title='bbox 394 1516 510 1575; x_wconf 79' lang='grc' dir='ltr'>Καὶ</span> <span class='ocrx_word' id='word_1_122' title='bbox 545 1515 746 1593; x_wconf 78' lang='grc' dir='ltr'>Σάρδις</span> <span class='ocrx_word' id='word_1_123' title='bbox 768 1518 872 1594; x_wconf 80' lang='grc' dir='ltr'>μὲν</span> <span class='ocrx_word' id='word_1_124' title='bbox 895 1516 1396 1595; x_wconf 83' lang='grc' dir='ltr'>ἐνεπρήσθησαν,’</span> <span class='ocrx_word' id='word_1_125' title='bbox 1368 1541 1427 1577; x_wconf 86' lang='grc' dir='ltr'>εν</span> <span class='ocrx_word' id='word_1_126' title='bbox 1452 1516 1513 1576; x_wconf 67' lang='grc' dir='ltr'>δὶ</span> <span class='ocrx_word' id='word_1_127' title='bbox 1538 1516 1743 1596; x_wconf 80' lang='grc' dir='ltr'>αὖτῆσι</span> <span class='ocrx_word' id='word_1_128' title='bbox 1768 1518 1861 1577; x_wconf 84' lang='grc' dir='ltr'>καὶ</span> <span class='ocrx_word' id='word_1_129' title='bbox 1880 1520 2001 1577; x_wconf 87' lang='grc'>102</span> 
     </span>
     <span class='ocr_line' id='line_1_18' title="bbox 313 1600 1900 1689; baseline 0.001 -25.001"><span class='ocrx_word' id='word_1_130' title='bbox 313 1603 434 1679; x_wconf 80' lang='grc' dir='ltr'>ἶρὸν</span> <span class='ocrx_word' id='word_1_131' title='bbox 473 1604 766 1683; x_wconf 81' lang='grc' dir='ltr'>ἐπιχωρίης</span> <span class='ocrx_word' id='word_1_132' title='bbox 805 1606 938 1665; x_wconf 83' lang='grc' dir='ltr'>θεου</span> <span class='ocrx_word' id='word_1_133' title='bbox 976 1605 1281 1689; x_wconf 84' lang='grc' dir='ltr'>Κυβήβης·</span> <span class='ocrx_word' id='word_1_134' title='bbox 1326 1630 1395 1666; x_wconf 90' lang='grc' dir='ltr'>το</span> <span class='ocrx_word' id='word_1_135' title='bbox 1431 1600 1809 1682; x_wconf 81' lang='grc' dir='ltr'>σκηπτόμενοι</span> <span class='ocrx_word' id='word_1_136' title='bbox 1846 1610 1900 1666; x_wconf 82' lang='grc' dir='ltr'>οἶ</span> 
     </span>
     <span class='ocr_line' id='line_1_19' title="bbox 314 1686 1903 1771; baseline 0.003 -22"><span class='ocrx_word' id='word_1_137' title='bbox 314 1686 550 1768; x_wconf 83' lang='grc' dir='ltr'>Πέρσαι,</span> <span class='ocrx_word' id='word_1_138' title='bbox 597 1691 832 1769; x_wconf 81' lang='grc' dir='ltr'>ὕστερον</span> <span class='ocrx_word' id='word_1_139' title='bbox 877 1692 1399 1771; x_wconf 75' lang='grc' dir='ltr'>ἀντενεπίμπρασαν</span> <span class='ocrx_word' id='word_1_140' title='bbox 1442 1720 1513 1753; x_wconf 88' lang='grc' dir='ltr'>τα</span> <span class='ocrx_word' id='word_1_141' title='bbox 1558 1698 1617 1753; x_wconf 91' lang='grc' dir='ltr'>ἐν</span> <span class='ocrx_word' id='word_1_142' title='bbox 1647 1694 1903 1771; x_wconf 90' lang='grc' dir='ltr'>Ελλησι</span> 
     </span>
     <span class='ocr_line' id='line_1_20' title="bbox 313 1778 1982 1859; baseline 0.003 -22"><span class='ocrx_word' id='word_1_143' title='bbox 313 1778 424 1856; x_wconf 81' lang='grc' dir='ltr'>ἱροί·</span> <span class='ocrx_word' id='word_1_144' title='bbox 463 1780 590 1839; x_wconf 87' lang='grc' dir='ltr'>τότε</span> <span class='ocrx_word' id='word_1_145' title='bbox 625 1780 686 1840; x_wconf 75' lang='grc' dir='ltr'>δὲ</span> <span class='ocrx_word' id='word_1_146' title='bbox 732 1784 784 1840; x_wconf 82' lang='grc' dir='ltr'>οἱ</span> <span class='ocrx_word' id='word_1_147' title='bbox 827 1783 1051 1857; x_wconf 90' lang='grc' dir='ltr'>Πέρσαι</span> <span class='ocrx_word' id='word_1_148' title='bbox 1099 1784 1153 1840; x_wconf 80' lang='grc' dir='ltr'>οἱ</span> <span class='ocrx_word' id='word_1_149' title='bbox 1199 1780 1352 1843; x_wconf 81' lang='grc' dir='ltr'>ἐντὸς</span> <span class='ocrx_word' id='word_1_150' title='bbox 1380 1780 1591 1845; x_wconf 86' lang='grc' dir='ltr'>Αλυος</span> <span class='ocrx_word' id='word_1_151' title='bbox 1644 1786 1901 1859; x_wconf 80' lang='grc' dir='ltr'>ποταμοῦ</span> <span class='ocrx_word' id='word_1_152' title='bbox 1978 1838 1982 1842; x_wconf 93' lang='grc'>,</span> 
     </span>
     <span class='ocr_line' id='line_1_21' title="bbox 311 1867 1903 1947; baseline 0.003 -21"><span class='ocrx_word' id='word_1_153' title='bbox 311 1867 512 1943; x_wconf 77' lang='grc' dir='ltr'>νομούς</span> <span class='ocrx_word' id='word_1_154' title='bbox 531 1870 764 1947; x_wconf 79' lang='grc' dir='ltr'>ἔχοντες,</span> <span class='ocrx_word' id='word_1_155' title='bbox 788 1867 1303 1946; x_wconf 71' lang='grc' dir='ltr'>προπυνθανόμενοι</span> <span class='ocrx_word' id='word_1_156' title='bbox 1325 1873 1516 1939; x_wconf 79' lang='grc' dir='ltr'>ταῦτα,</span> <span class='ocrx_word' id='word_1_157' title='bbox 1538 1870 1903 1947; x_wconf 83' lang='grc' dir='ltr'>συνηλίζοντο</span> 
     </span>
     <span class='ocr_line' id='line_1_22' title="bbox 312 1956 1903 2036; baseline 0.003 -23"><span class='ocrx_word' id='word_1_158' title='bbox 312 1958 404 2015; x_wconf 86' lang='grc' dir='ltr'>καὶ</span> <span class='ocrx_word' id='word_1_159' title='bbox 429 1956 701 2033; x_wconf 85' lang='grc' dir='ltr'>ἐβοήθεον</span> <span class='ocrx_word' id='word_1_160' title='bbox 724 1962 877 2016; x_wconf 84' lang='grc' dir='ltr'>τοῖσι</span> <span class='ocrx_word' id='word_1_161' title='bbox 902 1956 1159 2016; x_wconf 83' lang='grc' dir='ltr'>Λυδοῖσι.</span> <span class='ocrx_word' id='word_1_162' title='bbox 1219 1958 1316 2016; x_wconf 85' lang='grc' dir='ltr'>καί</span> <span class='ocrx_word' id='word_1_163' title='bbox 1331 1982 1435 2019; x_wconf 90' lang='grc' dir='ltr'>κως</span> <span class='ocrx_word' id='word_1_164' title='bbox 1460 1962 1520 2017; x_wconf 88' lang='grc' dir='ltr'>ἐν</span> <span class='ocrx_word' id='word_1_165' title='bbox 1542 1961 1646 2033; x_wconf 82' lang='grc' dir='ltr'>μὲν</span> <span class='ocrx_word' id='word_1_166' title='bbox 1666 1958 1903 2036; x_wconf 72' lang='grc' dir='ltr'>Σάρδισι</span> 
     </span>
     <span class='ocr_line' id='line_1_23' title="bbox 313 2042 1903 2123; baseline 0.002 -21"><span class='ocrx_word' id='word_1_167' title='bbox 313 2042 494 2105; x_wconf 76' lang='grc' dir='ltr'>οὐκέτι</span> <span class='ocrx_word' id='word_1_168' title='bbox 533 2044 721 2108; x_wconf 82' lang='grc' dir='ltr'>ἐόντας</span> <span class='ocrx_word' id='word_1_169' title='bbox 757 2070 886 2107; x_wconf 90' lang='grc' dir='ltr'>τους</span> <span class='ocrx_word' id='word_1_170' title='bbox 913 2044 1109 2107; x_wconf 88' lang='grc' dir='ltr'>Ἴωνας</span> <span class='ocrx_word' id='word_1_171' title='bbox 1150 2042 1488 2121; x_wconf 82' lang='grc' dir='ltr'>ευρίσκουσι,</span> <span class='ocrx_word' id='word_1_172' title='bbox 1544 2045 1801 2123; x_wconf 76' lang='grc' dir='ltr'>ἑπόμενοι</span> <span class='ocrx_word' id='word_1_173' title='bbox 1842 2047 1903 2105; x_wconf 82' lang='grc' dir='ltr'>δὲ</span> 
     </span>
    </p>
   </div>
   <div class='ocr_carea' id='block_1_3' title="bbox 310 2130 1903 2291">
    <p class='ocr_par' dir='ltr' id='par_1_4' title="bbox 310 2130 1903 2291">
     <span class='ocr_line' id='line_1_24' title="bbox 312 2130 1902 2213; baseline 0.003 -24"><span class='ocrx_word' id='word_1_174' title='bbox 312 2157 453 2191; x_wconf 88' lang='grc' dir='ltr'>κατα</span> <span class='ocrx_word' id='word_1_175' title='bbox 486 2134 707 2210; x_wconf 84' lang='grc' dir='ltr'>στίβον,</span> <span class='ocrx_word' id='word_1_176' title='bbox 735 2134 988 2209; x_wconf 81' lang='grc' dir='ltr'>αἱρέουσι</span> <span class='ocrx_word' id='word_1_177' title='bbox 1023 2130 1222 2195; x_wconf 75' lang='grc' dir='ltr'>αυτσῦς</span> <span class='ocrx_word' id='word_1_178' title='bbox 1258 2137 1315 2192; x_wconf 89' lang='grc' dir='ltr'>ἐν</span> <span class='ocrx_word' id='word_1_179' title='bbox 1339 2131 1585 2213; x_wconf 79' lang='grc' dir='ltr'>Εφέσῳ·</span> <span class='ocrx_word' id='word_1_180' title='bbox 1629 2135 1721 2193; x_wconf 83' lang='grc' dir='ltr'>καὶ</span> <span class='ocrx_word' id='word_1_181' title='bbox 1752 2134 1902 2194; x_wconf 74' lang='grc' dir='ltr'>ἀντε-</span> 
     </span>
     <span class='ocr_line' id='line_1_25' title="bbox 310 2212 1903 2291; baseline 0.003 -20"><span class='ocrx_word' id='word_1_182' title='bbox 310 2212 604 2291; x_wconf 73' lang='grc' dir='ltr'>τάχθησαν</span> <span class='ocrx_word' id='word_1_183' title='bbox 641 2216 744 2289; x_wconf 87' lang='grc' dir='ltr'>μὲν</span> <span class='ocrx_word' id='word_1_184' title='bbox 785 2217 838 2272; x_wconf 83' lang='grc' dir='ltr'>οἱ</span> <span class='ocrx_word' id='word_1_185' title='bbox 873 2212 1072 2283; x_wconf 84' lang='grc' dir='ltr'>Ἴωνες,</span> <span class='ocrx_word' id='word_1_186' title='bbox 1120 2213 1518 2290; x_wconf 81' lang='grc' dir='ltr'>συμβαλόντες</span> <span class='ocrx_word' id='word_1_187' title='bbox 1570 2215 1631 2273; x_wconf 79' lang='grc' dir='ltr'>δὲ</span> <span class='ocrx_word' id='word_1_188' title='bbox 1680 2216 1903 2275; x_wconf 75' lang='grc' dir='ltr'>πολλὰν</span> 
     </span>
    </p>
   </div>
   <div class='ocr_carea' id='block_1_4' title="bbox 307 2301 1995 3344">
    <p class='ocr_par' dir='ltr' id='par_1_5' title="bbox 309 2301 1903 2816">
     <span class='ocr_line' id='line_1_26' title="bbox 312 2301 1902 2379; baseline 0.001 -20"><span class='ocrx_word' id='word_1_189' title='bbox 312 2301 670 2377; x_wconf 85' lang='grc' dir='ltr'>ἐσσωθησαν·</span> <span class='ocrx_word' id='word_1_190' title='bbox 699 2302 790 2360; x_wconf 86' lang='grc' dir='ltr'>καὶ</span> <span class='ocrx_word' id='word_1_191' title='bbox 810 2302 1061 2363; x_wconf 85' lang='grc' dir='ltr'>πολλους</span> <span class='ocrx_word' id='word_1_192' title='bbox 1086 2302 1265 2361; x_wconf 75' lang='grc' dir='ltr'>αυτ-ὣν</span> <span class='ocrx_word' id='word_1_193' title='bbox 1286 2330 1340 2363; x_wconf 87' lang='grc' dir='ltr'>οι</span> <span class='ocrx_word' id='word_1_194' title='bbox 1321 2303 1578 2379; x_wconf 69' lang='grc' dir='ltr'>’Πέρσαι</span> <span class='ocrx_word' id='word_1_195' title='bbox 1599 2303 1902 2379; x_wconf 80' lang='grc' dir='ltr'>φονεύουσι</span> 
     </span>
     <span class='ocr_line' id='line_1_27' title="bbox 309 2387 1901 2467; baseline 0 -19"><span class='ocrx_word' id='word_1_196' title='bbox 309 2389 521 2452; x_wconf 77' lang='grc' dir='ltr'>ἄλλους</span> <span class='ocrx_word' id='word_1_197' title='bbox 551 2415 614 2449; x_wconf 89' lang='grc' dir='ltr'>τε</span> <span class='ocrx_word' id='word_1_198' title='bbox 639 2387 983 2466; x_wconf 77' lang='grc' dir='ltr'>ὄνομαστοῦς</span> <span class='ocrx_word' id='word_1_199' title='bbox 1010 2395 1068 2449; x_wconf 86' lang='grc' dir='ltr'>ἐν</span> <span class='ocrx_word' id='word_1_200' title='bbox 1093 2391 1153 2449; x_wconf 77' lang='grc' dir='ltr'>δὲ</span> <span class='ocrx_word' id='word_1_201' title='bbox 1180 2390 1247 2465; x_wconf 78' lang='grc' dir='ltr'>δή</span> <span class='ocrx_word' id='word_1_202' title='bbox 1276 2391 1368 2448; x_wconf 86' lang='grc' dir='ltr'>καὶ</span> <span class='ocrx_word' id='word_1_203' title='bbox 1392 2388 1709 2449; x_wconf 75' lang='grc' dir='ltr'>Εὕαλκίδεα</span> <span class='ocrx_word' id='word_1_204' title='bbox 1732 2414 1901 2467; x_wconf 86' lang='grc' dir='ltr'>στρα-</span> 
     </span>
     <span class='ocr_line' id='line_1_28' title="bbox 309 2476 1901 2559; baseline 0.001 -23"><span class='ocrx_word' id='word_1_205' title='bbox 309 2477 935 2559; x_wconf 77' lang='grc' dir='ltr'>τηγέοντα-Ἐρετριέων,</span> <span class='ocrx_word' id='word_1_206' title='bbox 960 2477 1425 2555; x_wconf 85' lang='grc' dir='ltr'>στεφανηφόρους</span> <span class='ocrx_word' id='word_1_207' title='bbox 1448 2502 1512 2535; x_wconf 90' lang='grc' dir='ltr'>τε</span> <span class='ocrx_word' id='word_1_208' title='bbox 1534 2476 1749 2558; x_wconf 73' lang='grc' dir='ltr'>ἀγῶνας</span> <span class='ocrx_word' id='word_1_209' title='bbox 1774 2478 1901 2538; x_wconf 80' lang='grc' dir='ltr'>οἰνα-</span> 
     </span>
     <span class='ocr_line' id='line_1_29' title="bbox 309 2564 1903 2643; baseline 0.003 -20"><span class='ocrx_word' id='word_1_210' title='bbox 309 2566 610 2642; x_wconf 79' lang='grc' dir='ltr'>ραιρηκότα</span> <span class='ocrx_word' id='word_1_211' title='bbox 637 2566 856 2637; x_wconf 68' lang='grc' dir='ltr'>καὶῦπὸ</span> <span class='ocrx_word' id='word_1_212' title='bbox 886 2566 1195 2643; x_wconf 83' lang='grc' dir='ltr'>Σιμωνίδεω</span> <span class='ocrx_word' id='word_1_213' title='bbox 1219 2570 1321 2625; x_wconf 83' lang='grc' dir='ltr'>τοῦ</span> <span class='ocrx_word' id='word_1_214' title='bbox 1340 2564 1523 2641; x_wconf 77' lang='grc' dir='ltr'>Κηΐου</span> <span class='ocrx_word' id='word_1_215' title='bbox 1546 2565 1739 2625; x_wconf 68' lang='grc' dir='ltr'>πολλοὶ</span> <span class='ocrx_word' id='word_1_216' title='bbox 1765 2571 1903 2627; x_wconf 78' lang='grc' dir='ltr'>αἰνε-</span> 
     </span>
     <span class='ocr_line' id='line_1_30' title="bbox 311 2652 1902 2734; baseline 0.003 -23"><span class='ocrx_word' id='word_1_217' title='bbox 311 2653 496 2713; x_wconf 86' lang='grc' dir='ltr'>θέντα.</span> <span class='ocrx_word' id='word_1_218' title='bbox 579 2654 632 2715; x_wconf 77' lang='grc' dir='ltr'>οἳ</span> <span class='ocrx_word' id='word_1_219' title='bbox 656 2655 716 2714; x_wconf 79' lang='grc' dir='ltr'>δὲ</span> <span class='ocrx_word' id='word_1_220' title='bbox 742 2654 920 2715; x_wconf 77' lang='grc' dir='ltr'>αὐτῶν</span> <span class='ocrx_word' id='word_1_221' title='bbox 955 2654 1249 2734; x_wconf 78' lang='grc' dir='ltr'>ἀπέφυγον</span> <span class='ocrx_word' id='word_1_222' title='bbox 1272 2652 1378 2729; x_wconf 76' lang='grc' dir='ltr'>τήν</span> <span class='ocrx_word' id='word_1_223' title='bbox 1402 2652 1608 2733; x_wconf 76' lang='grc' dir='ltr'>μάχην,</span> <span class='ocrx_word' id='word_1_224' title='bbox 1636 2654 1902 2716; x_wconf 78' lang='grc' dir='ltr'>ἐσκεδάσ-</span> 
     </span>
     <span class='ocr_line' id='line_1_31' title="bbox 311 2739 994 2816; baseline 0.003 -17"><span class='ocrx_word' id='word_1_225' title='bbox 311 2739 495 2816; x_wconf 86' lang='grc' dir='ltr'>θησαν</span> <span class='ocrx_word' id='word_1_226' title='bbox 517 2741 626 2803; x_wconf 69' lang='grc' dir='ltr'>αἶνοὶ</span> <span class='ocrx_word' id='word_1_227' title='bbox 649 2742 749 2805; x_wconf 69' lang='grc' dir='ltr'>τὰς</span> <span class='ocrx_word' id='word_1_228' title='bbox 770 2741 994 2805; x_wconf 85' lang='grc' dir='ltr'>πόλιας.</span> 
     </span>
    </p>

    <p class='ocr_par' dir='ltr' id='par_1_6' title="bbox 307 2827 1995 3344">
     <span class='ocr_line' id='line_1_32' title="bbox 373 2827 1995 2911; baseline 0.001 -25"><span class='ocrx_word' id='word_1_229' title='bbox 373 2827 514 2889; x_wconf 82' lang='grc' dir='ltr'>Τότε</span> <span class='ocrx_word' id='word_1_230' title='bbox 531 2832 635 2907; x_wconf 81' lang='grc' dir='ltr'>μὲν</span> <span class='ocrx_word' id='word_1_231' title='bbox 653 2830 722 2905; x_wconf 76' lang='grc' dir='ltr'>δή</span> <span class='ocrx_word' id='word_1_232' title='bbox 751 2829 890 2889; x_wconf 68' lang='grc' dir='ltr'>οὕτω</span> <span class='ocrx_word' id='word_1_233' title='bbox 913 2829 1280 2911; x_wconf 79' lang='grc' dir='ltr'>ἠγωνίσαντο·</span> <span class='ocrx_word' id='word_1_234' title='bbox 1312 2829 1455 2905; x_wconf 68' lang='grc' dir='ltr'>μετὰ</span> <span class='ocrx_word' id='word_1_235' title='bbox 1473 2829 1549 2900; x_wconf 84' lang='grc' dir='ltr'>δὲ,</span> <span class='ocrx_word' id='word_1_236' title='bbox 1574 2829 1861 2907; x_wconf 83' lang='grc' dir='ltr'>Ἀθηναῖοι</span> <span class='ocrx_word' id='word_1_237' title='bbox 1882 2832 1995 2889; x_wconf 87' lang='grc'>103</span> 
     </span>
     <span class='ocr_line' id='line_1_33' title="bbox 307 2915 1901 2995; baseline 0.001 -22"><span class='ocrx_word' id='word_1_238' title='bbox 307 2917 412 2991; x_wconf 83' lang='grc' dir='ltr'>μὲν</span> <span class='ocrx_word' id='word_1_239' title='bbox 425 2916 492 2976; x_wconf 73' lang='grc' dir='ltr'>τὰ</span> <span class='ocrx_word' id='word_1_240' title='bbox 505 2916 769 2995; x_wconf 76' lang='grc' dir='ltr'>παράπαν</span> <span class='ocrx_word' id='word_1_241' title='bbox 787 2916 1302 2987; x_wconf 74' lang='grc' dir='ltr'>ἀπολιπόντεςτοῦς</span> <span class='ocrx_word' id='word_1_242' title='bbox 1314 2915 1524 2985; x_wconf 86' lang='grc' dir='ltr'>Ἴωνας,</span> <span class='ocrx_word' id='word_1_243' title='bbox 1546 2918 1901 2993; x_wconf 87' lang='grc' dir='ltr'>ἐπικαλεομέ-</span> 
     </span>
     <span class='ocr_line' id='line_1_34' title="bbox 309 3001 1902 3085; baseline 0.002 -25"><span class='ocrx_word' id='word_1_244' title='bbox 309 3028 408 3061; x_wconf 91' lang='grc' dir='ltr'>νου</span> <span class='ocrx_word' id='word_1_245' title='bbox 452 3004 637 3080; x_wconf 86' lang='grc' dir='ltr'>σφέας</span> <span class='ocrx_word' id='word_1_246' title='bbox 677 3004 872 3063; x_wconf 74' lang='grc' dir='ltr'>πολλὰ</span> <span class='ocrx_word' id='word_1_247' title='bbox 915 3002 982 3064; x_wconf 82' lang='grc' dir='ltr'>δι’</span> <span class='ocrx_word' id='word_1_248' title='bbox 1024 3001 1279 3085; x_wconf 76' lang='grc' dir='ltr'>ἀγγέλων</span> <span class='ocrx_word' id='word_1_249' title='bbox 1318 3003 1749 3083; x_wconf 81' lang='grc' dir='ltr'>Ἀρισταγόρεω,</span> <span class='ocrx_word' id='word_1_250' title='bbox 1802 3004 1902 3063; x_wconf 70' lang='grc' dir='ltr'>οὐκ</span> 
     </span>
     <span class='ocr_line' id='line_1_35' title="bbox 311 3090 1903 3170; baseline 0.003 -23"><span class='ocrx_word' id='word_1_251' title='bbox 311 3090 534 3165; x_wconf 84' lang='grc' dir='ltr'>ἔφασαν</span> <span class='ocrx_word' id='word_1_252' title='bbox 558 3090 892 3170; x_wconf 85' lang='grc' dir='ltr'>τιμωρήσειν</span> <span class='ocrx_word' id='word_1_253' title='bbox 917 3092 1113 3168; x_wconf 79' lang='grc' dir='ltr'>σφίσι.</span> <span class='ocrx_word' id='word_1_254' title='bbox 1186 3090 1370 3153; x_wconf 81' lang='grc' dir='ltr'>Ἴωνες</span> <span class='ocrx_word' id='word_1_255' title='bbox 1388 3092 1448 3149; x_wconf 87' lang='grc' dir='ltr'>δὲ</span> <span class='ocrx_word' id='word_1_256' title='bbox 1472 3094 1573 3165; x_wconf 79' lang='grc' dir='ltr'>τῆς</span> <span class='ocrx_word' id='word_1_257' title='bbox 1596 3090 1903 3167; x_wconf 82' lang='grc' dir='ltr'>Ἀθηναίων</span> 
     </span>
     <span class='ocr_line' id='line_1_36' title="bbox 310 3177 1903 3258; baseline 0.003 -23"><span class='ocrx_word' id='word_1_258' title='bbox 310 3181 635 3257; x_wconf 88' lang='grc' dir='ltr'>συμμαχίης</span> <span class='ocrx_word' id='word_1_259' title='bbox 674 3180 1046 3256; x_wconf 81' lang='grc' dir='ltr'>στερηθέντες,</span> <span class='ocrx_word' id='word_1_260' title='bbox 1075 3177 1242 3257; x_wconf 77' lang='grc' dir='ltr'>(οὕτω</span> <span class='ocrx_word' id='word_1_261' title='bbox 1277 3178 1387 3258; x_wconf 77' lang='grc' dir='ltr'>γάρ</span> <span class='ocrx_word' id='word_1_262' title='bbox 1423 3183 1536 3254; x_wconf 88' lang='grc' dir='ltr'>σφι</span> <span class='ocrx_word' id='word_1_263' title='bbox 1570 3178 1785 3258; x_wconf 73' lang='grc' dir='ltr'>ὑπῆρχε</span> <span class='ocrx_word' id='word_1_264' title='bbox 1810 3206 1903 3239; x_wconf 87' lang='grc' dir='ltr'>πε-</span> 
     </span>
     <span class='ocr_line' id='line_1_37' title="bbox 309 3264 1904 3344; baseline 0.004 -23"><span class='ocrx_word' id='word_1_265' title='bbox 309 3268 584 3343; x_wconf 88' lang='grc' dir='ltr'>ποιημένα</span> <span class='ocrx_word' id='word_1_266' title='bbox 635 3274 690 3332; x_wconf 83' lang='grc' dir='ltr'>ἐς</span> <span class='ocrx_word' id='word_1_267' title='bbox 739 3267 1019 3344; x_wconf 83' lang='grc' dir='ltr'>Δαρεῖον,)</span> <span class='ocrx_word' id='word_1_268' title='bbox 1067 3264 1224 3324; x_wconf 76' lang='grc' dir='ltr'>οὐδὲν</span> <span class='ocrx_word' id='word_1_269' title='bbox 1265 3264 1335 3341; x_wconf 75' lang='grc' dir='ltr'>δὴ</span> <span class='ocrx_word' id='word_1_270' title='bbox 1377 3264 1567 3341; x_wconf 87' lang='grc' dir='ltr'>ἧσσον</span> <span class='ocrx_word' id='word_1_271' title='bbox 1611 3266 1711 3329; x_wconf 83' lang='grc' dir='ltr'>τόν</span> <span class='ocrx_word' id='word_1_272' title='bbox 1762 3267 1904 3344; x_wconf 72' lang='grc' dir='ltr'>πρός</span> 
     </span>
    </p>
   </div>
  </div>
 </body>
</html>
