2192 3409
245 98 308 149 ιε
861 98 1235 147 ἯΡοΔοτοϊ
1754 95 1848 163 [V.

239 174 664 254 ἀρρωδήσαντες
687 174 878 235 adrev.
949 175 1072 237 ἐπεί
1104 200 1167 234 τε
1194 174 1253 233 δὲ
1278 176 1333 233 οἶ
1360 176 1601 238 Παίονες
1624 174 1851 234 ἀπικέα-

239 290 308 324 το
335 265 428 324 ἐπὶ
455 264 762 325 θάλασσαν
789 264 1044 324 ἐνθεῦτεν
1063 268 1121 327 ἐς
1146 264 1289 323 Χίον
1316 262 1611 338 διέβησαν·
1653 262 1852 324 ἐόντων

239 353 300 411 δὲ
325 353 434 429 ἤδη
465 358 522 412 ἐν
542 353 678 431 Χίῳ,
711 351 852 411 κατά
881 352 1058 415 πόδας
1085 350 1361 426 ἐληλύθεε
1386 351 1656 428 Περσέων
1683 350 1851 415 ἵππος

237 439 436 516 πολλή
479 439 758 499 διώκουσα
792 440 924 503 τούς
957 441 1228 503 Παίονας.
1312 438 1383 501 ὥς
1419 438 1479 497 δὲ
1511 437 1577 498 οὔ
1618 437 1849 499 κατέλα-

236 531 368 605 βον,
401 526 824 607 ἐπηγγέλλοντο
865 532 923 591 ἐς
955 526 1062 603 τὴν
1089 530 1232 588 Χίον
1268 531 1422 588 τοῖσι
1452 529 1684 597 Παίοσι,
1712 526 1850 591 ὅκως

237 615 308 674 ἂν
334 614 520 673 ὀπίσω
545 613 866 675 ἀπέλθοιεν·
909 618 963 675 οἶ
995 615 1058 675 δὲ
1083 616 1327 679 Παίονες
1357 614 1487 677 τοῦς
1514 615 1721 696 λόγους
1748 614 1847 674 οὐκ

238 702 578 763 ἐνεδέκοντο·
619 701 750 761 ἄλλ’
777 707 838 763 ἐκ
866 704 1010 763 Χίου
1036 706 1141 779 μὲν
1167 704 1306 762 Χῖοί
1322 709 1507 777 σφεας
1534 707 1588 765 ἐς
1608 701 1847 777 Λέσβον

235 790 470 870 ἤγαγον,
499 790 749 866 Λέσβιοι
783 790 844 849 δὲ
871 796 928 854 ἐς
955 791 1240 868 Δορίσκον
1268 789 1557 866 ἐκόμισαν·
1600 790 1847 849 ἐνθεῦτεν

242 878 302 937 δὲ
340 878 483 957 πεζῇ
527 878 879 956 κομιζόμενοι
919 878 1189 938 ἀπικέατο
1230 883 1287 942 ές
1326 880 1617 953 Παιονίην.

139 960 215 1025 99
315 965 726 1047 Ἀρισταγόρης
755 966 832 1037 δὲ,
861 966 1050 1043 ἐπειδὴ
1085 966 1148 1025 οἶ
1168 992 1233 1027 τε
1256 966 1545 1041 Ἀθηναῖοι
1578 964 1847 1027 α’πικέατο

235 1055 415 1115 εἴκοσι
429 1056 596 1131 νηυσὶ
621 1054 741 1132 ἅμα
767 1054 1034 1137 ἀγόμενοι
1048 1053 1370 1131 Ἐρετριέων
1390 1054 1555 1113 πέντε
1573 1054 1841 1131 τριήρεας,

235 1143 290 1201 οἳ
325 1142 390 1203 οὗ
427 1142 532 1219 τήν
558 1141 866 1220 Ἀθηναίων
902 1142 1068 1222 χάριν
1104 1141 1520 1218 ἐστρατεύοντο,
1552 1139 1709 1200 οἷλλοὶ
1742 1140 1845 1216 τὴν

238 1257 275 1290 α
303 1234 416 1292 τῶν
456 1233 776 1309 Μιλησίων,
813 1228 1160 1309 ὀφειλόμενά
1192 1236 1305 1305 σφι
1347 1227 1718 1291 ἀποδιδόντες·
1768 1226 1843 1307 (οἶ

231 1318 342 1397 γσῖρ
363 1319 432 1394 δὴ
456 1319 742 1394 Μιλήσιοι
761 1319 1034 1396 πρότερον
1051 1322 1206 1379 τοῖσι
1223 1316 1569 1393 Ἐρετριεῦσι
1588 1316 1687 1375 τᾶν
1705 1316 1844 1390 πρὸς

237 1406 556 1467 Χαλκιδέας
574 1406 832 1483 πόλεμον
859 1406 1259 1481 συνδιήνεικαν,
1280 1404 1375 1464 ὅτε
1394 1428 1499 1480 περ
1521 1404 1614 1462 καὶ
1634 1408 1841 1462 Χαλκι-

235 1492 393 1551 δεῦσι
435 1490 596 1551 ἀντία
633 1490 956 1568 Ἐρετριέων
995 1494 1088 1551 καὶ
1130 1493 1433 1568 Μιλησίων
1475 1491 1677 1567 Σάμιοι
1714 1492 1843 1567 ἔβο-

233 1578 444 1655 ήθεον·)
491 1575 645 1637 οὗτοι
679 1577 753 1637 ὧν
785 1579 910 1637 ἐπεί
937 1579 1005 1638 τέ
1033 1585 1147 1654 σφι
1174 1578 1443 1639 ἀπικέατο
1471 1579 1565 1637 καὶ
1590 1582 1647 1637 οἱ
1673 1578 1842 1638 ἄλλοι

235 1666 528 1743 σύμμαχοι
564 1665 846 1742 παρήσαν,
875 1666 1123 1726 ἐποιέετο
1162 1668 1470 1744 στρατηίην
1510 1666 1543 1725 ὁ
1580 1665 1841 1743 Ἀριστα·

233 1753 406 1833 γόρης
453 1758 508 1815 ἐς
555 1752 774 1829 Σάρδις.
857 1752 1024 1817 αὐτᾶς
1063 1756 1169 1831 μὲν
1220 1753 1289 1831 δὴ
1336 1753 1437 1813 οὐκ
1480 1753 1841 1829 ἐστρατεύετο

233 1839 364 1899 ἀλλ’
394 1842 548 1917 ἔμενε
589 1846 646 1900 ἐν
688 1840 946 1921 Μιλήτῳ·
989 1843 1341 1923 στρατηγούς
1374 1842 1433 1901 δὲ
1464 1840 1675 1905 ἄλλους
1710 1840 1841 1900 ἀπέ-

233 1928 354 1997 δεξε
383 1930 684 2003 Μιλησίων
719 1928 874 1998 εἶναι,
902 1930 1000 1989 τᾶν
1027 1934 1230 1989 ἑωυτοῦ
1256 1956 1319 1989 τε
1346 1929 1626 2006 ἀδελφεὰν
1658 1936 1839 2007 Χαρο-

145 2018 261 2074 100
279 2020 444 2076 πῖνον
470 2016 561 2074 καὶ
579 2019 690 2075 τῶν
716 2015 908 2075 ἄλλων
934 2016 1125 2077 ἀστῶν
1149 2017 1560 2093 Ἑρμόφαντον.
1616 2016 1841 2077 Ἀπικό-

233 2130 390 2181 μενοι
432 2104 492 2163 δὲ
530 2108 610 2184 τῷ
635 2103 828 2183 στόλῳ
859 2104 1036 2183 τούτῳ
1062 2105 1249 2168 Ἴωνες
1282 2111 1335 2169 ἐς
1352 2105 1625 2180 Ἔφεσον,
1664 2109 1841 2165 πλοῖα

232 2195 336 2269 μὲν
369 2194 670 2253 κατέλιπον
709 2197 768 2253 ἐν
805 2192 1096 2274 Κορήσσῳ
1128 2198 1231 2271 τῆς
1270 2193 1559 2269 Ἐφεσίης,
1599 2192 1757 2253 αὐτοὶ
1782 2194 1841 2253 δὲ

232 2282 532 2359 ἀνέβαινον
565 2282 714 2362 χειρὶ
766 2284 962 2361 πολλῇ
1002 2282 1321 2359 ποιεύμενοι
1366 2280 1672 2357 Ἐφεσίους
1714 2280 1833 2361 ἤγε-

231 2371 423 2447 μόνας·
475 2370 846 2449 πορευόμενοι
898 2370 958 2429 δὲ
1001 2370 1157 2447 παρὰ
1202 2369 1461 2447 ποταμὸν
1500 2369 1838 2447 Καΰστριον,

234 2460 482 2518 ἐνθεῦτεν
518 2460 641 2519 ἐπεί
667 2484 732 2518 τε
763 2458 1112 2536 ὑπερβάντες
1142 2456 1243 2517 τᾶν
1274 2461 1514 2533 Τμῶλον
1550 2456 1835 2530 ἀπίκοντο,

234 2546 485 2619 αἱρέουσι
523 2545 740 2622 Σάρδις,
771 2544 990 2608 οὐδενός
1015 2551 1129 2622 σφι
1156 2543 1533 2608 ἀντιωθέντος·
1590 2546 1842 2622 αἱρέουσι

235 2631 293 2689 δὲ
317 2631 486 2708 χωρὶς
504 2636 605 2706 τῆς
631 2632 970 2708 ἀκροπόλιος
993 2630 1183 2692 τᾶλλα
1212 2632 1418 2693 πάντα·
1459 2634 1565 2709 τήν
1592 2633 1651 2692 δὲ
1678 2633 1841 2710 α’κρό-

239 2723 402 2777 πολιν
451 2718 638 2794 ἐρύετο
671 2719 837 2783 αὐτὸς
869 2720 1271 2798 Ἀρταφέρνης,
1304 2722 1445 2800 ἔχων
1486 2720 1717 2797 δύναμιν
1748 2720 1840 2779 οἷν-

143 2809 250 2873 101
273 2808 416 2884 δρῶν
444 2804 544 2865 οὐκ
572 2806 790 2889 ὀλίγην.
875 2808 954 2867 Τὸ
995 2808 1056 2867 δὲ
1095 2807 1564 2885 μὴ’λεηλατῆσαι
1612 2809 1841 2871 ἑλόντας

232 2896 418 2969 σφέας
443 2895 547 2969 τὴν
571 2896 758 2964 πόλιν,
787 2898 922 2971 ἔσχε
949 2895 1095 2954 τόδε·
1144 2897 1297 2970 ἦσαν
1336 2901 1393 2955 ἐν
1432 2901 1569 2974 τῇσι
1604 2896 1841 2972 Σάρδισι

238 2982 404 3037 οἰκίαι
459 2984 518 3038 αἱ
556 2984 659 3055 μὲν
697 2986 932 3042 πλεῦνες
975 2980 1296 3055 καλάμιναι,
1354 2981 1487 3039 ὅσαι
1534 2981 1581 3039 δ’
1635 2982 1841 3042 αὐτέων

243 3064 336 3119 καὶ
359 3066 644 3123 πλίνθιναι
669 3064 820 3137 ἦσαν
849 3064 1107 3139 καλάμου
1134 3066 1286 3141 εἶχον
1310 3066 1410 3128 τοῖς
1436 3067 1669 3142 ὀροφάς.
1716 3092 1839 3127 του-

239 3146 376 3202 τέων
423 3146 490 3217 δῆ
538 3150 672 3221 μίαν
725 3153 836 3206 τῶν
876 3174 959 3209 τις
1003 3150 1383 3224 στρατιωτέων
1432 3152 1501 3212 ὥς
1548 3154 1837 3227 ἐνέπρησε,

242 3228 438 3287 αὐτίκα
469 3228 562 3287 ἀπ’
591 3233 764 3304 οἰκίης
799 3236 854 3291 ἐς
891 3236 1066 3305 οἰκίην
1100 3233 1182 3289 ἶὸν
1206 3232 1275 3290 τὸ
1300 3237 1412 3310 πῦρ
1449 3237 1741 3310 ἐπενέμετο
1771 3238 1837 3295 τὰ
