2192 3409
304 62 582 128 113-1191
986 63 1359 113 noAfflmA.
1804 64 1899 111 165

304 143 398 201 καὶ
423 146 534 202 τῶν
557 145 686 219 περὶ
710 141 776 201 τό
803 139 1101 222 Πάγγαιον
1128 140 1255 218 ὅρος
1281 142 1567 201 οἰκεόντων
1588 141 1788 217 ὁμοίως
1809 142 1901 200 καὶ

303 234 415 289 τῶν
459 228 731 307 πρότερον
772 229 1056 303 κατέλεξα,
1099 228 1228 293 τοῦς
1264 230 1369 305 μὲν
1406 227 1559 305 παρά
1600 228 1900 289 θάλασσαν

307 318 446 396 ἔχων
489 317 810 394 οἰκημένους
851 322 909 375 ἐν
951 317 1118 393 νηυσὶ
1166 318 1647 394 στρατευομένους,
1689 315 1817 379 τοῦς
1854 316 1901 375 δ’

304 403 443 481 ὑπὲρ
472 404 773 480 θαλάσσης
802 406 939 482 πεζῇ
965 405 1281 481 ἑπομένους·
1314 404 1418 480 τήν
1446 403 1505 462 δὲ
1529 402 1658 463 ὁδὸν
1683 402 1901 479 ταύτην,

305 496 378 570 τῇ
411 490 692 569 βασιλευς
726 492 937 569 Ξέρξης
971 490 1069 552 τόν
1106 492 1351 569 στρατόν
1382 490 1583 568 ἤλασε,
1612 488 1740 551 οὔτε
1770 518 1901 572 συγ-

303 581 506 657 χέουσι
532 579 767 657 Θρήϊκες
793 578 904 639 οὔτ’
927 581 1334 657 ἐπισπείρουσι,
1359 580 1638 655 σέβονταί
1658 605 1719 639 τε
1737 579 1903 661 μεγά-

307 671 419 730 λως
456 666 522 727 τὰ
561 669 730 746 μέχρι
767 670 914 743 ἐμεῦ.
995 665 1094 729 Ὡς
1130 667 1190 727 δὲ
1218 665 1327 745 ἄρα
1369 672 1423 730 ἐς
1456 666 1559 743 τήν
1587 666 1999 727 Ἀκανθον116

307 752 554 827 ἀπίκετο,
587 756 788 830 ξεινίην
815 780 874 813 τε
903 753 934 813 ὁ
964 754 1197 831 Πέρσης
1221 759 1375 815 τοῖσι
1396 754 1745 817 Ἀκανθίοισι
1771 780 1903 833 προ-

311 839 431 895 εἳπε
468 836 558 894 καὶ
595 834 930 913 ἐδωρήσατό
952 842 1137 911 σφεας
1178 836 1375 912 ἐσθῆτι
1415 836 1659 913 Μηδικῇ,
1694 836 1933 897 ἐπαίνεέ.

309 949 371 981 τε
404 922 573 1001 ἀρέων
605 922 805 986 αὐτοῦς
838 922 1161 1000 προθύμους
1198 922 1387 986 ἐόντας
1428 927 1483 986 ἐς
1521 921 1621 983 τόν
1652 922 1905 999 πόλεμον
1967 945 2026 1004 s'

311 1011 404 1069 καὶ
432 1010 496 1069 τὸ
528 1009 743 1091 ὄρυγμα
772 1010 998 1071 ἀκούων.
1158 1046 1167 1055 ·
1892 1009 2040 1048 s&

391 1096 496 1165 Ἐν,
528 1096 780 1176 Ἀκάνθῳ
821 1098 880 1157 δὲ
927 1096 1115 1161 ἐόντος
1157 1097 1389 1174 Ξέρξεω,
1434 1096 1719 1173 συνήνεικε
1758 1097 1867 1158 dard
1890 1098 2001 1159 117

313 1185 522 1245 νούσου
549 1186 848 1245 ἀποθανεῖν
881 1184 981 1244 τόν
1014 1189 1331 1245 ἐπεστεῶτα
1362 1190 1464 1260 τῆς
1496 1184 1759 1264 διώρυχος
1782 1184 1909 1262 Ἀρ-

311 1274 567 1352 ταχαίην,
597 1274 822 1350 δόκιμον
851 1274 1010 1335 ἐόντα
1038 1273 1191 1352 παρὰ
1219 1274 1401 1385 Ξέρξῃ
1422 1274 1513 1334 καὶ
1538 1276 1697 1354 γένος
1721 1274 1911 1353 Ἀχαι-

309 1362 550 1437 μενίδην,
578 1359 812 1447 μεγάθει
844 1387 906 1420 τε
941 1387 1214 1442 μεγιστον
1252 1360 1412 1421 ἐόντα
1448 1360 1910 1439 Περσέων-ἀπο

312 1449 422 1530 γάρ
476 1449 639 1508 πέντε
689 1450 912 1527 πηχέων
971 1450 1294 1559 βασιληιων
1346 1448 1588 1509 ἀπέλιπε
1639 1450 1914 1528 τέσσερας

313 1535 983 1611 δακτύλους-φωνεοντά
1015 1563 1077 1595 τε
1113 1538 1385 1617 μέγιστον
1410 1536 1727 1614 ἀνθρώπων·
1769 1536 1914 1597 ὥστε

313 1623 540 1700 Ξέρξεα,
575 1624 879 1700 συμφορήν
919 1624 1303 1701 ποιησάμενον
1342 1624 1613 1706 μεγάλην,
1650 1625 1916 1696 ἐξενεῖκαί

312 1735 377 1771 τε
409 1710 576 1771 αὖτόν
603 1711 886 1771 κάλλιστα
914 1713 1004 1771 καὶ
1041 1712 1237 1789 θάψαι·
1281 1712 1624 1791 ἐτυμβοχόεε
1660 1713 1720 1773 δὲ
1750 1717 1914 1773 πᾶσα

313 1796 354 1875 ἦ
382 1798 638 1877 στρατιή·
679 1800 853 1878 τούτῳ
881 1800 939 1859 δὲ
971 1804 1047 1879 τῷ
1071 1799 1381 1880 Ἀρταχαίῃ
1410 1801 1609 1861 θύουσι
1631 1800 1915 1861 Ἀκάνθιοι

317 1892 379 1946 ἐκ
422 1888 757 1963 θεοπροπίου
799 1888 870 1951 ὦς
909 1887 1062 1965 ἥρωῖ,
1108 1888 1542 1965 ἐπονομάζοντες
1579 1888 1645 1949 τὰ
1688 1886 1907 1965 οὕνομα.

314 1974 593 2049 βασιλεῦς
631 1979 734 2053 μὲν
777 1976 845 2051 δή
889 1976 1118 2053 Ξέρξης,
1161 1975 1515 2052 ἀπολομένου
1552 1974 1911 2054 Ἀρταχαίεω,

317 2062 563 2122 ἐποιέετο
590 2063 914 2140 συμφορήν.

401 2153 475 2210 Οἱ
501 2150 560 2209 δὲ
583 2151 982 2228 ὑποδεκόμενοι
1007 2150 1297 2227 Ἑλλήνων
1332 2150 1437 2227 τήν
1467 2152 1739 2230 στρατιὴν
1780 2152 1873 2212 καὶ
1896 2154 2011 2213 118

319 2237 683 2309 δειπνίζοντες
724 2238 936 2313 Ξέρξεα
980 2244 1035 2302 ἐς
1077 2244 1191 2299 πᾶν
1234 2242 1406 2297 κακοῦ
1450 2238 1733 2313 ἀπικέατο,
1774 2239 1914 2319 οὕτω

320 2323 470 2383 ὥστε
512 2316 817 2386 ἀνάστατοι
860 2330 921 2384 ἐκ
962 2330 1071 2387 τῶν
1115 2328 1298 2387 οἰκίων
1341 2326 1605 2408 ἐγίνοντο·
1660 2324 1793 2385 ὅκου
1848 2352 1913 2406 γε

321 2412 593 2473 Θασίοισι
619 2412 756 2490 ὑπὲρ
782 2417 893 2473 τῶν
921 2419 979 2474 ἐν
1003 2417 1074 2493 τῇ
1101 2413 1310 2493 ἠπείρῳ
1337 2414 1549 2473 πολίων
1573 2416 1682 2473 τῶν
1709 2415 1913 2487 σφετέ-

319 2525 433 2574 ρων
475 2499 823 2577 δεξαμένοισι
864 2501 968 2577 τήν
1010 2502 1227 2580 Ξέρξεω
1272 2500 1541 2577 στρατιήν
1584 2500 1676 2558 καὶ
1719 2500 1917 2559 δειπνί-

321 2612 469 2647 σασι
493 2584 909 2666 Ἀντίπατρος
877 2616 908 2649 ο
934 2588 1168 2670 Ὀργέος
1194 2587 1574 2666 ἀραιρημένος,
1594 2590 1704 2647 τῶν
1724 2588 1920 2648 ἀστῶν

322 2674 462 2753 ἀνὴρ
504 2675 799 2754 ὃόκιμος“
768 2681 936 2755 ομοῖα
974 2681 1052 2756 τιζ
1075 2676 1350 2753 μάλιστα,
1380 2674 1663 2745 ἀπέδεξε’
1637 2702 1692 2739 ες
1716 2676 1783 2737 τὸ
1812 2677 1915 2737 δεῖ·

323 2788 464 2822 πνον
514 2764 850 2842 τετρακόσια
904 2763 1156 2825 τάλαντα
1210 2763 1474 2845 ἀργυρίου
1527 2766 1917 2842 τετελεσμένα.

321 2842 422 2913 Ως
465 2850 523 2909 δὲ
565 2852 974 2929 παραπλησίως
1009 2852 1103 2911 καὶ
1140 2855 1197 2911 ἐν
1248 2856 1385 2929 τῇσι
1420 2849 1639 2929 ἄλλῃσι
1674 2852 1875 2912 πόλισι
1900 2852 2013 2909 119

307 2940 380 2997 οἱ
421 2928 753 3003 ἐπεστεῶτες
791 2939 1191 3001 ἀπεδείκνυσαν
1222 2939 1322 2999 τόν
1351 2937 1652 3018 λόγον·τὸ
1678 2939 1789 3018 γὰρ
1816 2938 1919 2996 δεῖ-

321 3050 466 3085 πνον
496 3027 709 3088 τοιόνδε
735 3054 791 3088 τι
819 3027 1046 3109 ἐγίνετο,
1073 3027 1165 3086 οια
1192 3031 1252 3086 ἐκ
1279 3028 1502 3085 πολλοῦ
1541 3024 1746 3104 χρόνου
1784 3050 1920 3101 προ-

327 3115 616 3190 ειρημένον
657 3116 751 3175 καὶ
792 3115 920 3195 περὶ
957 3117 1181 3173 πολλοῦ
1216 3112 1560 3189 ποιεύμενον·
1600 3116 1767 3173 τοῦτο
1802 3114 1921 3188 μὲν,

329 3198 401 3263 ὥς
441 3201 710 3265 ἐπύθοντο
748 3201 992 3279 τάχιστα
1028 3205 1140 3261 τῶν
1160 3196 1417 3279 ’κηρύκων
1449 3202 1559 3261 τῶν
1593 3202 1934 3284 περιαγγελῇ
