2192 3409
279 122 288 129 ·
310 130 376 176 34
919 126 1289 175 ἮΡοΔοτοτ
1814 122 1909 189 [V.

308 204 570 269 λεύοντος
593 204 918 281 Ἀθηναίων,
939 204 1121 283 ὀρθῶς
1147 203 1217 264 ἂν
1244 202 1546 282 καλέοιτο·)
1572 202 1827 280 δεύτερον
1852 204 1911 265 δὲ

311 294 404 353 καὶ
432 294 634 371 τρίτον,
664 293 758 353 ὅτε
787 294 878 353 ἐπὶ
906 292 1421 370 Πεισιστρατιδέων
1449 291 1711 359 ἐξέλασιν
1738 290 1911 368 ὄρμηκ

307 383 496 446 θέντες
525 388 585 441 ἐκ
616 381 876 458 Σπάρτης
913 381 1199 440 ἀπίκοντο·
1241 380 1505 457 τέταρτον
1544 378 1604 437 δὲ
1633 377 1779 447 τότε,
1818 377 1911 437 ὅτε

303 475 361 533 ἐς
385 468 686 529 Ἐλευσῖνα
713 469 1041 544 Κλεομένης
1075 466 1233 547 ἄγων
1260 466 1757 539 Πελοποννησίους
1788 467 1907 524 ἐσέ-

303 559 475 632 βαλε.
559 554 700 615 οὕτω
747 558 1010 633 τέταρτον
1060 554 1189 614 τότε
1232 554 1469 631 Δωριέες
1516 553 1805 628 ἐσέβαλον
1852 558 1908 614 ἐς

305 642 563 719 Ἀθήνας.

207 730 284 791 77
392 731 769 793 Διαλυθέντος
809 729 886 789 ὧν
925 732 1028 789 τοῦ
1071 727 1288 788 στόλου
1322 726 1524 788 τούτου
1564 724 1790 795 α’κλεῶς,
1826 731 1903 784 ἐν·

305 818 482 877 θαῦτα
507 816 796 894 Ἀθηναῖοι
821 818 1115 877 τίννυσθαι
1139 814 1501 893 βουλόμενοι,
1522 819 1718 891 πρῶτα
1736 838 1905 889 στρα-

299 906 464 982 τηΐην
498 910 783 965 ποιεῦνται
828 905 919 964 ἐπὶ
962 903 1301 965 Χαλκιδέας·
1355 902 1590 963 Βοιωτοὶ
1640 901 1701 960 δὲ
1730 903 1906 975 ,τοῖσι

303 993 652 1053 Χαλκιδεῦσι
676 993 990 1069 βοηθέουσι
1017 991 1108 1051 ἐπὶ
1134 988 1236 1050 τὸν
1258 990 1525 1067 Εὔριπον·
1552 988 1905 1065 Ἀθηναίοισι

299 1080 362 1139 δὲ
395 1080 578 1141 ἰδοῦσι
611 1081 740 1143 τούς
775 1079 1026 1157 βοηθούς
1061 1078 1215 1147 ἔδοξε
1246 1076 1521 1154 πρότερον
1548 1080 1706 1137 τοῖσι
1732 1082 1900 1134 Βοιω-

297 1172 455 1229 τοῖσι
478 1167 517 1245 ἢ
543 1175 695 1229 τοῖσι
723 1168 1071 1229 Χαλκιδεῦσι
1099 1165 1443 1244 ἐπιχειρέειν·
1488 1163 1907 1242 συμβάλλουσί

304 1282 369 1315 τε
404 1257 474 1333 δὴ
511 1262 665 1319 τοῖσι
689 1260 988 1318 Βοαοτοῖσι
1030 1258 1082 1314 οἱ
1114 1254 1417 1329 Ἀθηναῖοι,
1446 1254 1539 1311 καὶ
1578 1256 1779 1331 πολλῷ
1819 1256 1901 1309 ἐκ·

298 1345 572 1421 ριίτησαν·
615 1346 792 1423 κάρτα
833 1346 894 1403 δὲ
937 1342 1194 1405 πολλοῦς
1231 1342 1624 1416 φονεύσαντες,
1670 1343 1901 1399 ἑπτακο-

297 1432 459 1495 σίους
485 1432 666 1492 αὐτῶν
707 1431 1046 1511 ἐζώγρησαν.
1130 1434 1233 1506 τῆς
1256 1430 1318 1487 δὲ
1344 1428 1515 1503 αὐτῆς
1539 1426 1743 1502 ταύτης
1768 1427 1901 1503 ἦμέ-

295 1543 399 1594 ρης
443 1520 496 1576 οἱ
535 1518 824 1593 Ἀθηναῖοι
858 1517 1154 1593 διαβάντες
1198 1522 1254 1579 ἐς
1292 1516 1397 1591 τὴν
1440 1514 1710 1590 Εὔβοιαν,
1756 1541 1898 1593 συμ-

297 1604 595 1680 βάλλουσι
637 1605 727 1663 καὶ
764 1608 918 1663 τοῖσι
943 1604 1311 1662 Χαλκιδεῦσι·
1353 1603 1679 1679 νικήσαντες
1710 1603 1770 1662 δὲ
1808 1603 1900 1661 καὶ

295 1691 542 1762 τούτους,
569 1691 1052 1770 τετρακισχιλίους
1079 1690 1427 1770 κληρούχους
1451 1691 1543 1750 ἐπὶ
1581 1695 1695 1750 τῶν
1736 1693 1898 1750 ἱππο-

301 1780 520 1855 βοτέων
550 1784 624 1859 τῇ
659 1778 816 1858 χώρῃ
851 1780 1135 1839 λείπουσι·
1178 1781 1232 1837 οἱ
1262 1777 1322 1837 δὲ
1358 1777 1671 1855 ἱπποβόται
1708 1779 1899 1838 ἐκαλέ-

299 1892 430 1926 οντο
462 1870 517 1925 οἱ
541 1868 748 1951 παχέες
772 1870 882 1927 τῶν
907 1866 1251 1926 Χαλκιδέων·
1292 1866 1463 1929 ὅσους
1488 1868 1549 1926 δὲ
1574 1867 1668 1925 καὶ
1690 1864 1898 1926 τούτων

299 1952 639 2035 ἐζώγρησαν,
666 1953 786 2031 ἅμα
809 1958 963 2014 τοῖσι
989 1958 1247 2014 Βοιωτῶν
1272 1954 1705 2035 ἐζωγρημένοισι
1744 1953 1899 2032 εἶχον

299 2046 360 2101 ἐν
403 2045 652 2121 φυλακῇ,
693 2048 752 2104 ἐν
793 2042 984 2105 πέδαις
1028 2042 1317 2119 δήσαντες·
1358 2041 1541 2122 χρόνῳ
1582 2042 1643 2101 δὲ
1686 2040 1895 2100 ἔλυσάν

293 2136 480 2205 σφεας
507 2130 736 2206 διμνέως
753 2130 1262 2206 ἀποτιμησάμενοι·
1286 2129 1389 2193 τοὶς
1414 2129 1477 2187 δὲ
1500 2130 1671 2192 πέδας
1697 2128 1893 2198 αὐτῶν,

297 2222 358 2275 ἐν
391 2220 530 2295 τῇσι
580 2216 847 2287 ἐδεδέατο,
891 2216 1281 2294 ἀνεκρέμασαν
1323 2222 1379 2280 ἐς
1417 2216 1522 2291 τὴν
1565 2214 1893 2294 ἀκρόπολιν·

291 2305 456 2383 αἴπερ
501 2306 582 2365 ἔτι
626 2305 719 2364 καὶ
756 2310 811 2369 ἐς
851 2306 949 2382 ἐμὲ
987 2304 1139 2381 ἦσαν
1178 2308 1517 2380 περιεοῦσαι,
1556 2328 1893 2381 κρεμαμεναι

291 2399 352 2452 ἐκ
390 2395 618 2473 τειχέων
644 2394 1219 2470 περιπεφλευσμένων
1244 2391 1381 2469 πυρὶ
1404 2390 1516 2452 ύπό
1539 2394 1643 2450 τοῦ
1670 2389 1892 2465 Μήδου·

289 2481 477 2541 οἷντιον
510 2483 570 2541 δε
599 2486 702 2541 τοῦ
735 2482 984 2563 μεγάρου
1015 2485 1118 2539 τοῦ
1153 2478 1295 2557 πρὸς
1322 2480 1565 2556 ἑσπέρην
1586 2478 1893 2555 τετραμμέ-

293 2594 392 2627 νου
430 2570 522 2626 καὶ
545 2573 657 2627 τῶν
682 2570 901 2646 λύτρων
924 2567 1030 2643 τὴν
1061 2566 1296 2643 δεκάτην
1336 2566 1626 2642 ἀνέθηκαν,
1652 2564 1890 2641 ποιησαί-

285 2680 444 2731 μενοι
483 2656 792 2731 τέθριππον
831 2654 1099 2733 χαλκεον·
1152 2654 1219 2715 τό
1262 2656 1323 2714 δὲ
1375 2654 1692 2763 ἀριστερῆς
1725 2652 1893 2732 χερός

294 2743 494 2817 ἔστηκε
537 2746 760 2819 πρῶτον
801 2742 1014 2803 ἐσιόντι
1053 2748 1110 2806 ἐς
1150 2768 1221 2802 τα
1258 2734 1585 2819 προπύλαια
1620 2768 1693 2802 τα
1727 2746 1785 2800 ἐν
1818 2742 1889 2816 τῇ

289 2828 588 2907 ἀκροπόλι,
628 2831 1032 2911 ἐπιγέγραπται
1073 2830 1137 2889 δέ
1176 2833 1231 2889 οἱ
1270 2828 1422 2889 τάδε·

436 2962 616 3009 Ἔθνεα
649 2962 871 3008 Βοιωτῶν
905 2960 984 3007 καὶ
1019 2960 1299 3007 Χαλκιδέων
1333 2960 1633 3017 δαμάσαντες

513 3033 679 3079 παῖδες
701 3030 966 3087 Ἀθηναίων
999 3032 1235 3090 ἔργμασιν
1266 3032 1317 3077 ἐν
1350 3032 1577 3087 πολέμου,

446 3104 609 3159 δεσμῷ
632 3103 684 3147 ἐν
717 3100 974 3159 ἀχλυόεντι
1007 3100 1212 3157 σιδηρέῳ
1246 3100 1457 3159 ἔσβεσαν
1490 3100 1640 3161 ὕβριν·

516 3174 611 3217 τῶν
644 3171 820 3217 ἵππους
851 3170 1054 3227 δεκάτην
1087 3170 1315 3215 Παλλάδι
1347 3170 1486 3217 τάσδ’
1518 3172 1702 3217 ἔθεσαν·

221 3278 269 3333 ’8
283 3274 570 3349 Ἀθηναῖοι
615 3276 719 3349 μέν
765 3298 863 3332 νυν
901 3273 1159 3349 ηὔξηντο.
1242 3274 1409 3348 δηλοῖ
1448 3274 1509 3331 δὲ
1557 3275 1624 3333 ού
1667 3277 1787 3340 κατ’
1828 3278 1888 3337 ἓν
