2192 3409
310 122 404 170 128
918 116 1284 169 ‘HPOAo'ro‘r
1756 118 1909 184 [vn.

306 200 517 277 ἡμέρης
555 198 618 259 δέ
657 198 1081 276 ἐπιλαμψάσης,
1111 195 1327 274 ὀνείρου
1362 197 1467 275 μὲν
1497 197 1701 281 τοῦτου
1734 200 1911 280 λόγον

309 287 504 348 οὐδένα
545 287 807 355 ἐποιέετο,
847 284 880 344 ὁ
913 285 972 344 δὲ
1009 285 1277 361 Περσέων
1312 287 1625 347 συναλίσας
1660 286 1789 349 τοῦς
1818 291 1911 348 καὶ

309 376 580 454 πρότερον
606 376 884 444 συνέλεξε,
915 374 1076 455 ἔλεγέ
1094 379 1207 448 σφι
1226 371 1376 432 τάδε.
1406 384 1441 407 “
1456 370 1648 449 ἄνδρες
1669 374 1909 451 Πέρσαι,

310 462 646 545 συγγνώμην
683 486 782 539 μοι
823 463 977 540 ἔχετε
1017 460 1106 521 ὅτι
1138 460 1505 541 ἀγχίστροφα
1539 462 1911 539 βουλεύομαι·

313 555 532 628 φρενῶν
556 574 617 608 τε
641 549 755 630 γσῖρ
782 554 837 611 ἐς
861 549 933 607 τοὶ
959 551 1235 625 ἐμεωυτοῦ
1267 552 1463 625 πρῶτα
1496 546 1561 606 οὔ
1599 574 1675 605 κω
1710 547 1909 624 α’νήκω,

311 639 402 696 καὶ
433 640 487 696 οἱ
519 634 996 716 παρηγορεόμενοι
1033 639 1187 695 κεῖνα
1220 637 1431 695 ποιέειν
1470 634 1665 695 οὐδένα
1706 636 1913 715 χρόνον

307 750 413 801 μευ
453 722 776 801 ἀπέχονται·
833 721 1142 783 α’κούσαντι
1181 724 1373 800 μέντοι
1424 747 1524 799 μοι
1574 726 1676 798 τῆς
1714 722 1913 800 Ἀρτα-

307 810 488 888 βείνου
527 810 764 891 γνώμης,
807 810 1123 888 παραυτίκα
1173 836 1279 888 μεν
1328 836 1367 886 η
1422 808 1612 887 νεότης
1664 812 1910 882 ἐπέζεσε,

308 898 453 958 ὥστε
488 898 816 976 ἀεικέστερα
851 898 1161 977 ἅπορρίψαι
1198 899 1332 957 ἔπεα
1360 903 1415 960 ἐς
1447 896 1621 975 ἄνδρα
1656 900 1911 977 πρεσβύ-

307 1012 467 1065 τερον
510 984 548 1063 ἢ
594 986 782 1065 χρεόν·
823 991 921 1046 νῦν
921 987 1147 1100 ἰμέντοι
1181 1011 1475 1067 συγγνους,
1514 986 1803 1065 χρήσομαι
1836 994 1911 1066 τῇ

309 1077 516 1136 ἐκείνου
549 1074 760 1157 γνώμῃ·
804 1074 874 1137 ὥς
909 1073 983 1135 ὧν
1006 1075 1481 1155 μεταδεδογμενον
1507 1100 1605 1151 μοι
1630 1075 1711 1151 μὴ
1740 1101 1911 1152 στρα-

217 1164 290 1222 14
312 1163 573 1234 τεύεσθαι
613 1164 705 1222 ἐπὶ
749 1188 856 1240 την
904 1162 1172 1235 Ἑλλάδα,
1215 1161 1429 1240 ἥσυχοί
1465 1161 1647 1221 ἐστ-εἶ’
1688 1164 1911 1240 Πέρσαι

285 1254 410 1328 .μέν
449 1278 522 1315 ως
558 1250 809 1327 ἤκουσαν
859 1256 1051 1321 ταῦτα,
1102 1249 1467 1328 κεχαρηκότες
1516 1273 1909 1327 προσεκυνεον·

312 1339 506 1403 νυκτὸς
539 1339 598 1398 δὲ
627 1340 944 1420 γενομένης,
977 1337 1132 1401 αὖτις
1160 1336 1337 1397 τῶυτό
1378 1336 1591 1413 ὄνειρον
1614 1342 1692 1415 τῷ
1728 1339 1913 1416 Ξέρξῃ

309 1429 706 1506 κατυπνωμένω
747 1428 905 1507 ἔλεγε
946 1426 1204 1485 ἐπιστάν·
1250 1437 1288 1463 “
1304 1424 1347 1484 ὦ
1382 1428 1488 1484 παῖ
1514 1426 1778 1502 Δαρείου,
1818 1429 1911 1485 καὶ

308 1512 377 1588 δὴ
405 1515 628 1588 φαίνεαι
665 1519 723 1573 ἐν
760 1515 1030 1593 Πέρσῃσί
1050 1539 1115 1573 τε
1140 1513 1516 1590 απειπάμενος
1538 1512 1643 1589 τήν
1670 1538 1911 1590 στρατη-

309 1600 534 1675 λασίην,
564 1601 654 1658 καὶ
688 1626 760 1659 τα
796 1600 904 1677 ἐμα·
937 1602 1125 1659 ἔπεα’
1098 1626 1159 1661 εν
1184 1601 1363 1660 ουδενὶ
1388 1626 1714 1677 ποιευμενος
1738 1600 1908 1682 λόγω,

312 1686 381 1751 ὥς
405 1686 535 1765 παρ’
565 1686 842 1751 ουδενος’
807 1686 1070 1751 ακούσας·
1114 1687 1174 1746 ευ
1202 1714 1298 1748 νυν
1323 1687 1436 1748 τόδ’
1463 1688 1667 1757 ἴσθι,
1627 1714 1802 1766 ηνπερ
1828 1690 1909 1766 μή

309 1774 504 1835 αὐτίκα
529 1776 967 1854 στρατηλατέῃς,
994 1776 1127 1835 τάδε
1154 1802 1243 1836 τοι
1262 1776 1324 1846 ἐξ
1342 1774 1523 1836 αὔτῶν
1542 1775 1909 1855 ἀνασχήσειν·

307 1862 379 1926 ὥς
419 1862 511 1921 καὶ
549 1863 725 1943 μέγας
765 1864 858 1927 καὶ
897 1864 1119 1929 πολλός
1161 1864 1345 1944 ἐγένεο
1389 1868 1449 1923 ἐν
1494 1861 1670 1945 ὀλίγῳ
1709 1863 1907 1945 χρόνῳ,

219 1951 288 2007 15
350 1949 374 1973 U
547 1950 564 1971 N
805 1950 820 1972 ἱ
893 1948 908 1971 2
962 1951 980 1973 Ι
1212 1951 1227 1973 ἱ
1304 1950 1319 1971 Ι
1440 1952 1469 2009 ἔ
1614 1950 1647 1970 δ’
1765 1952 1781 1973 Ι

309 1974 450 2010 ουτω
476 1975 568 2007 και
593 1974 851 2013 ταπεινος
877 1976 1060 2010 οπισω
1087 1976 1229 2011 κατα
1248 1977 1421 2030 ταχος
1466 1974 1613 2011 σεαι.
1700 1952 1910 2028 Ξερξης

307 2040 428 2114 μὲν,
461 2036 716 2114 περιδεὴς
744 2037 1039 2119 γενόμενος
1071 2042 1147 2117 τῇ
1182 2038 1326 2118 ὄψει,
1360 2037 1467 2099 α’νά
1504 2064 1569 2099 τε
1608 2040 1809 2115 ἔδραμε
1849 2044 1909 2098 ἐκ

306 2129 407 2201 τῆς
455 2126 654 2201 κοίτης,
703 2127 796 2185 καὶ
841 2126 1048 2203 πέμπει
1102 2126 1347 2209 ἄγγελον
1402 2128 1495 2186 ἐπὶ
1549 2126 1908 2205 Ἀρτάβανον

309 2214 600 2273 καλέοντα·
667 2212 980 2295 ἀπικομένῳ
1039 2214 1104 2274 δέ
1160 2218 1213 2275 οἱ
1276 2216 1433 2296 ἔλεγε
1498 2215 1709 2293 Ξέρξης
1758 2214 1908 2274 τάδε·

308 2313 343 2339 “
358 2301 693 2379 Ἀρτάβανε,
721 2301 830 2384 ἐγώ
853 2301 920 2363 τό
945 2303 1262 2381 παραυτίκα
1286 2306 1391 2380 μὲν
1417 2303 1519 2363 οὐκ
1540 2303 1907 2381 ἐσωφρόνεον,

307 2392 463 2455 εἶπας
489 2396 545 2454 ἐς
570 2394 640 2451 σὲ
662 2390 873 2469 μάταια
899 2393 1034 2451 ἔπεα
1058 2397 1313 2470 χρηστῆς
1334 2391 1511 2451 εἵνεκα
1532 2393 1907 2468 συμβουλίης·

305 2477 448 2554 μεταῖ
488 2480 680 2556 μέντοι
721 2478 786 2537 οὐ
821 2477 1044 2539 πολλὰν
1079 2478 1284 2557 χρόνον
1314 2480 1607 2559 μετέγνων,
1647 2480 1815 2559 ἔγνων
1851 2480 1909 2537 δὲ

303 2564 480 2625 ταῦτα’
518 2591 618 2643 μοι
656 2566 890 2641 ποιητέα
931 2565 1094 2626 ἐόντα
1129 2565 1200 2625 ταῖ
1233 2565 1309 2625 σύ
1344 2565 1649 2641 ὑπεθήκαο.
1734 2566 1910 2625 οὔκων

307 2652 536 2715 δυνατός
558 2678 648 2713 τοι
675 2655 787 2729 εἰμὶ
810 2659 988 2714 ταῦτα
1018 2654 1229 2713 ποιέειν
1263 2653 1635 2730 βουλόμενος·
1676 2678 1910 2731 τετραμ-

305 2739 450 2817 μένῳ
492 2739 604 2819 γαῖρ
650 2740 718 2816 δὴ
773 2741 864 2799 καὶ
916 2740 1285 2821 μετεγνωκότι
1339 2745 1645 2817 ἐπιφοιτῶν
1698 2741 1910 2818 ὄνειρον

307 2825 649 2902 φαντάζεταί
674 2853 790 2905 μοι,
829 2827 1080 2904 οὐδαμῶς
1112 2830 1445 2889 συνέπαινον
1482 2828 1575 2888 {dv
1606 2830 1814 2888 ποιέειν
1838 2856 1910 2905 με

303 2917 497 2972 ταῦτα·
545 2917 646 2973 νῦν
678 2913 738 2972 δὲ
776 2914 868 2972 καὶ
899 2914 1273 2990 διαπειλῆσαν
1312 2918 1545 2995 οἴχεται·
1596 2921 1644 2975 εἰ
1676 2916 1750 2975 ὧν
1786 2918 1910 2979 θεός

307 3004 430 3058 ἐστι
471 2999 505 3059 ὁ
553 3001 894 3076 ἐπιπέμπων,
940 3002 1037 3059 καί
1079 3005 1135 3059 οἱ
1178 3003 1394 3064 πάντως
1448 3008 1509 3061 ἐν
1556 3002 1733 3081 ἡδονῇ
1786 3008 1908 3061 ἐστι

304 3088 567 3165 γενέσθαι
581 3087 1006 3163 στρατηλασίην
1027 3088 1119 3147 ἐπὶ
1137 3087 1241 3163 τὴν
1253 3088 1521 3157 Ἑλλάδα,
1542 3091 1908 3163 ἐπιπτήσεται

307 3171 400 3226 καὶ
435 3172 531 3229 σοὶ
563 3170 740 3231 τῶυτό
775 3177 943 3232 τοῦτο
979 3172 1193 3249 ὄνειρον
1218 3174 1421 3249 ὁμοίως
1448 3176 1539 3233 καὶ
1572 3178 1695 3248 ἐμοὶ
1724 3180 1907 3233 ἐντελ-

307 3253 564 3327 λόμενον·
593 3256 830 3330 εὑρίσκω
848 3258 908 3315 δὲ
931 3256 1036 3319 ὧδε
1053 3258 1124 3319 ἂν
1142 3260 1409 3337 γινόμενα
1426 3264 1617 3330 ταῦτα,
1636 3265 1683 3319 εἰ
1702 3259 1907 3337 λάβοις
