2192 3409
292 133 318 181 1
328 126 570 192 49—152]
917 126 1303 189 ‚HOATMNIA.
1799 132 1888 181 181

288 207 566 285 οὖδαμὸῦς
599 206 833 284 μέζονας
871 204 1053 289 ὑμέων
1088 202 1252 274 ἅξω.”
1333 209 1508 266 ταῦτα
1547 204 1892 271 ἀκούσαντας

286 294 573 376 Ἀργείους
618 296 844 374 λέγεται
884 290 1122 373 πρῆγμα
1165 292 1534 368 ποιήσασθαι,
1577 295 1668 351 καὶ
1714 320 1890 371 παρα-

282 386 481 459 χρῆμα
511 384 618 459 μὲν
655 381 811 439 οὐδὲν
848 381 1367 461 ἐπαγγελλομένους
1405 381 1726 457 μεταιτέειν·
1771 382 1890 441 ἐπεὶ

284 470 353 528 δέ
387 477 570 546 σφεας
612 468 1083 546 παραλαμβάνειν
1124 494 1252 532 τους
1280 467 1584 545 Ἕλληνας,
1623 496 1762 529 ουτω
1804 470 1888 547 δη,

286 557 687 634 ἐπισταμένους
722 554 810 615 ὅτι
846 554 911 614 οὖ
946 554 1340 632 μεταδώσουσι
1375 560 1474 631 τῆς
1505 556 1683 635 ἀρχῆς
1713 565 1888 617 Λακε-

284 644 575 722 δαιμόνιοι,
619 644 940 723 μεταιτέειν,
996 644 1086 703 ἵνα
1136 644 1226 701 ἐπὶ
1279 643 1602 721 προφάσιος
1646 645 1888 725 ἡσυχίην

282 732 483 813 ἄγωσι.
555 734 874 810 Συμπεσεῖν
894 732 954 789 δὲ
970 756 1225 791 τουτοισι
1250 731 1343 789 καὶ
1366 730 1528 791 τόνδε
1551 731 1650 791 τὸν
1675 732 1850 813 λόγον
1869 734 1976 793 151

282 820 527 901 λέγουσί
573 846 715 883 τινες
764 817 1071 893 “Ελλήνων,
1120 822 1396 877 πολλοῖσι
1450 818 1599 879 ἔτεσι
1651 817 1886 895 ὕστερον

280 908 581 988 γενόμενον
606 906 830 967 τούτων*
870 906 1075 985 τυχεῖν
1088 910 1146 967 ἐν
1175 905 1450 969 Σούσοισι
1478 909 1632 965 τοῖσι
1665 914 1886 983 Μεμνου

278 996 455 1055 νίοισι
510 994 697 1057 ἐόντας
749 994 936 1069 ἑτέρου
986 992 1315 1075 πρήγματος
1374 994 1554 1053 εἵνεκα
1613 992 1885 1075 οἷγγέλους

278 1081 605 1158 ῩΑθηναίων,
629 1082 893 1157 Καλλίην
918 1108 979 1141 τε
1004 1081 1105 1141 τᾶν
1129 1081 1449 1142 Ἱππονίκου
1475 1082 1568 1139 καὶ
1592 1081 1720 1143 τούς
1741 1081 1884 1157 μετ-οὶ

278 1170 483 1230 τούτου
522 1167 861 1245 ἀναβάντας·
901 1168 1188 1251 Ἀργείους
1229 1168 1305 1238 δὲ,
1341 1168 1440 1229 τόν
1479 1168 1647 1229 αὐτὸν
1685 1172 1883 1229 τοῦτον

279 1258 487 1337 χρόνον
521 1258 849 1336 πέμψαντας
880 1257 972 1315 καὶ
1006 1256 1234 1322 τούτους
1270 1262 1327 1320 ἐς
1363 1257 1556 1320 Σοῦσα
1591 1255 1880 1369 ἀγγέλους,

283 1351 509 1433 εἰρωτᾶν
534 1346 903 1423 Ἀρτοξέρξεα
933 1345 1033 1406 τᾶν
1063 1346 1280 1422 Ξέρξεω
1316 1346 1366 1405 εἴ
1397 1352 1510 1421 σφι
1545 1346 1624 1404 ἔτι
1662 1346 1881 1422 ἐμμένει

279 1434 385 1511 τήν
404 1436 543 1512 πρός
568 1436 781 1511 Ξέρξεα
800 1434 1002 1509 φιλίην
1022 1433 1485 1509 συνεκεράσαντο,
1505 1460 1542 1508 η
1516 1432 1879 1509 νομιζοίατο

280 1548 420 1599 προς
445 1521 615 1582 αὐτοῦ
644 1522 783 1581 εἶναι
809 1522 1107 1597 πολέμιοι·
1092 1567 1109 1591 ,
1149 1522 1406 1596 βασιλέα
1428 1520 1488 1579 δὲ
1515 1519 1880 1597 Ἀρταξέρξεα

280 1608 534 1685 μάλιστα
560 1609 813 1685 ἐμμένειν
835 1606 1027 1683 φαναι,
1049 1608 1141 1667 καὶ
1168 1607 1427 1697 ουδεμίαν
1446 1609 1685 1683 νομίζειν
1710 1607 1879 1667 πόλιν

273 1694 509 1776 Ἀργεος
550 1696 903 1802 φιλιωτέρην.
986 1700 1059 1755 Εἴ.
1096 1698 1200 1773 μέν
1236 1722 1329 1755 νυν
1369 1696 1578 1773 ’Ξέρξης
1612 1721 1674 1753 τε
1707 1694 1838 1754 οἷπέ-
1859 1698 1973 1756 152

276 1792 468 1859 πεμψε
487 1786 661 1843 ταῦτα
680 1784 920 1863 λέγοντα
945 1784 1156 1860 κήρυκα
1179 1789 1232 1846 ἐς
1249 1781 1475 1863 ”Αργος,
1499 1782 1590 1840 καὶ
1613 1781 1878 1862 Ἀργείων

278 1868 514 1951 ἄγγελοι
536 1869 926 1947 οἷναβάντεςῖἑς
960 1874 1156 1935 Σοῦσα
1183 1870 1486 1947 ἐπειρώτων
1511 1869 1876 1946 Ἀρταξέρξεα

277 1958 405 2035 περὶ
451 1962 659 2035 φιλίης,
709 1958 809 2017 οὐκ
865 1960 971 2037 ἔχω
1018 1957 1283 2035 ἀτρεκέως
1332 1962 1518 2018 εἰπεῖν·
1576 1956 1706 2017 οὐδέ
1753 1984 1876 2018 τινα

274 2045 498 2126 γνώμην
522 2050 649 2123 περὶ
679 2045 859 2106 αὐτῶν
884 2044 1274 2121 ἀποφαίνομαι
1305 2046 1488 2122 ἄλλην
1514 2072 1579 2126 γε
1605 2044 1642 2122 ἦ
1668 2045 1875 2123 τήνπερ

274 2132 432 2193 αὐτοὶ
482 2133 727 2213 Ἀργεῖοι
780 2133 1073 2213 λέγουσι...
1129 2132 1460 2212 [ἐπίσταμαι
1505 2134 1564 2193 δὲ
1615 2138 1872 2204 τοσοῦτο,

274 2220 377 2290 ὅτι,
423 2227 471 2281 εἰ
516 2222 717 2285 πάντες
756 2220 1039 2295 ἅνθρωποι
1078 2220 1150 2280 τὰ
1197 2222 1378 2297 οἰκήῖα
1419 2222 1560 2282 κακαῖ
1603 2226 1658 2284 ἐς
1695 2224 1874 2297 μέσον

274 2308 641 2367 συνενείκαιεν
684 2305 1045 2375 ἀλλάξασθαι
1086 2307 1429 2385 βουλόμενοι
1471 2314 1624 2369 τοῖσι
1665 2309 1870 2381 πλησί-

276 2419 409 2463 οισι,
438 2394 774 2473 ἐγκύψαντες
799 2391 867 2452 ἂν
894 2398 949 2457 ἐς
976 2393 1047 2453 τοὶ
1072 2398 1184 2453 τῶν
1208 2396 1383 2460 πέλας
1411 2395 1551 2455 κακοὶ
1578 2394 1872 2459 ἀσπασίως

276 2481 503 2541 ἔκαστοι
538 2480 718 2542 αὐτῶν
742 2480 1124 2560 ἀποφεροίατο
1156 2481 1338 2543 ὀπίσω
1370 2484 1443 2543 τοὶ
1481 2481 1870 2563 ἐσενείκαντο·]

273 2568 413 2629 οὕτω
444 2570 513 2645 δὴ
538 2596 639 2629 ουκ
664 2569 971 2651 Ἀργείοισι
1008 2572 1282 2649 αἴσχιστα
1310 2570 1626 2645 πεποίηται·
1671 2568 1776 2648 ἐγω
1812 2570 1870 2627 δὲ

270 2656 483 2732 οφείλω
526 2658 711 2739 λέγειν
751 2684 825 2720 τα
864 2658 1158 2741 λεγόμενα,
1203 2658 1501 2718 πείθεσθαί
1535 2683 1602 2737 γε
1649 2655 1763 2733 μὴν
1805 2656 1870 2717 οὗ

270 2746 595 2805 παντάπασι
622 2746 853 2821 ὀφείλω·
896 2747 993 2806 καί
1021 2772 1122 2823 μοι
1153 2750 1322 2805 τοῦτο
1351 2742 1418 2805 τὸ
1453 2745 1581 2809 ἔπος
1615 2746 1782 2824 ἐχέτω
1817 2750 1871 2807 ἐς

270 2833 451 2893 πάντα
489 2834 589 2894 τᾶν
626 2835 819 2915 λόγον·
862 2834 981 2893 ἐπεὶ
1022 2836 1116 2893 καὶ
1154 2837 1326 2894 ταῦτα
1366 2833 1608 2914 λέγεται,
1653 2833 1722 2895 ὥς
1761 2832 1868 2908 ἄρα

269 2918 512 3000 Ἀργεῖοι
551 2922 699 2998 ἦσαν
744 2926 797 2981 οἱ
840 2922 1306 2998 ἐπικαλεσάμενοι
1351 2918 1450 2979 τὸν
1498 2922 1730 2997 Πέρσην
1779 2919 1868 2976 ἐπὶ

268 3008 371 3083 τήν
393 3009 663 3080 Ἑλλάδα,
692 3009 879 3084 ἐπειδή
916 3015 1030 3084 σφι
1063 3008 1204 3085 πρός
1239 3005 1367 3069 τοῦς
1401 3006 1868 3081 Λακεδαιμονίους

272 3101 445 3159 κακῶς
492 3096 527 3173 ἦ
576 3097 751 3175 αἰχμὴ
800 3095 1043 3172 ἑστήκεε,
1088 3100 1202 3155 πᾶν
1248 3092 1316 3171 δὴ
1365 3092 1711 3174 βουλόμενοί
1755 3098 1868 3167 σφι

272 3184 407 3243 εἶναι
439 3211 549 3260 προ
581 3191 679 3260 τῆς
711 3185 1028 3262 παρεούσης
1060 3186 1263 3259 λύπης.
1343 3184 1416 3245 τοὶ
1452 3190 1556 3263 μὲν
1587 3185 1713 3261 περὶ
1738 3182 1862 3261 Ἀρ-

270 3272 429 3349 γείων
457 3296 686 3347 (ΙορηΤαΙ.
1660 3329 1693 3355 .
1801 3345 1828 3355 ..,
1847 3344 1857 3351 ἢ

294 3352 343 3397 Π
340 3338 450 3397 ,3-1
464 3358 488 3394 5
