2192 3409
337 132 396 177 ,¹²6
409 126 550 191 -60]
967 125 1355 173 ΠΟΛΥΜΝῙΛ..
1845 129 1933 176 147

337 208 547 283 μίζετο,
574 203 644 263 τοὶ
687 204 929 279 ἔμπαλιν
969 202 1246 279 πρήσσων
1285 206 1385 261 τοῦ
1410 204 1599 273 πεζοῦ·
1640 203 1671 263 ὅ
1697 205 1801 281 μὲν
1825 205 1935 284 γσῖρ

337 294 475 371 πρὸς
513 292 758 368 ἑσπέρην
796 291 958 349 ἔπλεε
997 292 1088 349 ἐπὶ
1124 291 1505 367 Σαρπηδονίης
1546 289 1714 368 ἄκρης
1754 292 1935 351 ποιεύ-

337 408 497 459 μενος
524 380 634 455 τῆν
659 379 861 449 ἄπιξιν,
892 384 946 442 ἐς
973 378 1076 454 τὴν
1114 378 1262 457 αὐτῷ
1298 380 1594 455 προείρητο
1620 378 1935 458 ἀπικομένῳ

337 471 664 547 περιμένειν·
708 466 739 527 ὁ
784 468 842 525 δὲ
888 466 1004 527 κατ’
1038 466 1267 544 ἤπειρον
1304 466 1545 543 στρατός
1579 467 1719 543 πρὸς
1757 467 1839 543 ἥῶ
1872 494 1933 527 τε

338 558 428 615 καὶ
467 556 634 632 ἡλίου
677 554 955 618 ἀνατολὰς
997 556 1243 615 ἐποιέετο
1268 554 1371 630 τὴν
1399 554 1527 615 όδόν
1554 554 1645 615 διὰ
1669 559 1769 630 τῆς
1794 562 1935 631 Χερ-

339 644 607 719 σονήσου,
637 649 694 703 ἐν
737 644 886 723 δεξιῇ
924 645 1028 720 μὲν
1071 645 1207 722 ἔχων
1240 642 1339 703 τὸν
1368 642 1589 719 Ἕλλης
1620 642 1803 717 τάφον
1837 648 1937 717 τῆς

338 731 702 809 Ἀθάμαντος,
733 736 791 792 ἐν
827 730 1095 810 ἀριστερῇ
1136 731 1195 791 δὲ
1222 730 1472 807 Καρδίην
1502 729 1689 801 πόλιν,
1718 729 1808 789 ὃιοῖ
1834 731 1930 807 μέ-

339 846 444 895 σης
473 821 531 879 δὲ
558 819 927 897 πορευόμενος
951 818 1153 883 πόλιος
1182 822 1253 899 τῇ
1294 817 1505 896 οὔνομα
1542 818 1805 899 τυγχάνει
1846 818 1937 877 ε’ὂν

339 905 568 989 Ἀγορή·
615 910 863 968 ἐνθεῦτεν
905 908 964 967 δὲ
1007 907 1272 983 κάμπτων
1308 906 1408 967 τὸν
1448 906 1664 966 κόλπον
1694 904 1793 967 τᾶν
1820 908 1934 965 Μέ-

340 1000 485 1055 λανα
539 996 893 1072 καλεόμενον,
936 995 1029 1055 καὶ
1069 996 1310 1055 Μέλανα
1350 994 1618 1071 πσταμόν,
1662 992 1761 1053 σῦκ
1811 993 1935 1054 α’,ντ-

343 1083 579 1161 ισχόντα
606 1083 734 1143 τότε
752 1087 1078 1161 τῄστρατιῇ
1095 1083 1163 1142 τὰ
1182 1084 1411 1159 ῥέεθρον
1435 1080 1567 1141 ἀλλ’
1588 1080 1934 1152 ἐπιλιπόντα,

341 1175 538 1230 τοῦτον
579 1172 678 1231 τόν
721 1171 976 1247 ποταμὸν
1020 1169 1225 1247 διαβάς
1262 1168 1369 1251 (ἐπ’
1408 1167 1473 1228 οὗ
1516 1168 1609 1227 καὶ
1650 1167 1681 1228 ὁ
1726 1168 1935 1232 κόλπος

342 1256 502 1323 οὗτος
537 1258 642 1334 τήν
685 1261 992 1336 ἐπωνυμίην
1019 1259 1156 1338 ἔχει)
1193 1256 1278 1333 ἤῐε
1305 1257 1444 1333 πρός
1481 1258 1737 1335 ἑσπέρην,
1768 1256 1937 1316 Αἶνόν

339 1373 400 1407 τε
442 1346 608 1407 πόλιν
635 1347 872 1407 Αἰολίδα
913 1347 1006 1405 καὶ
1034 1345 1364 1422 Στεντορίδα
1403 1345 1607 1421 λίμνην
1645 1344 1932 1421 παρεξιῶν,

343 1440 397 1497 ἐς
423 1434 454 1494 ὃ
481 1433 710 1495 οἷπίκετο
739 1440 794 1498 ἐς
820 1435 1125 1512 Δορίσκον.
1195 1432 1263 1493 ‘0
1291 1432 1350 1491 δὲ
1378 1433 1657 1509 Δορίσκος
1686 1432 1807 1492 ἔστι
1832 1437 1931 1507 τῆς
1950 1435 2025 1493 59

342 1523 581 1599 Θρηίκης
609 1522 865 1602 αἰγιαλός
891 1548 952 1581 τε
979 1522 1072 1580 καὶ
1098 1522 1289 1581 πεδίον
1312 1522 1479 1600 μέγα·
1520 1520 1635 1599 (διὰ
1669 1520 1729 1579 δὲ
1761 1518 1934 1582 αὐτοῦ

341 1611 452 1686 ῥέει
492 1609 743 1686 ποταμός
781 1610 956 1689 μέγας
984 1609 1245 1689 Ἔβρος·)
1288 1614 1345 1668 ἐν
1370 1612 1447 1687 τῷ
1470 1607 1658 1687 τεῖχός
1689 1634 1753 1667 τε
1795 1608 1933 1667 ἐδέδ-

342 1722 486 1773 μητο
525 1696 1083 1772 βασιλήϊον-τοῦτο
1129 1695 1196 1757 τὸ
1244 1696 1312 1773 δή
1352 1695 1631 1773 Δορίσκος
1672 1697 1937 1771 κέκληται

342 1786 517 1845 -καὶ
570 1786 836 1861 Περσέων
889 1784 1110 1861 φρουρὴ
1158 1790 1217 1844 ἐν
1268 1784 1415 1863 αὐτῷ
1452 1784 1785 1861 κατεστήκεε
1824 1784 1934 1844 ὖπό

343 1872 580 1947 Δαρείου
623 1872 683 1941 ἐξ
719 1872 926 1932 ἐκείνου
961 1876 1061 1931 τοῦ
1098 1871 1302 1950 χρόνου
1337 1872 1462 1931 ἐπεί
1494 1897 1555 1930 τε
1592 1873 1683 1931 ἐπὶ
1716 1872 1935 1937 Σκύθας

343 1958 720 2036 ἐστρατεύετο.
803 1960 956 2029 ἔδοξε
1009 1958 1083 2020 ὧν
1133 1964 1210 2038 τῷ
1254 1960 1436 2038 ’Ξέρξῃ
1489 1958 1521 2019 ό
1565 1964 1745 2038 χῶρος
1799 1960 1936 2019 εἶναι

342 2047 622 2123 ἐπιτήδεος
664 2047 975 2117 ἐνδιατάξαι
1014 2072 1078 2107 τε
1118 2048 1213 2107 καὶ
1248 2047 1618 2125 ἐξαριθμῆσαι
1640 2048 1740 2108 τὸν
1766 2074 1933 2131 στρα-

338 2134 454 2195 τόν·
498 2136 590 2194 καὶ
618 2136 796 2195 ἐποίεε
821 2139 1015 2195 ταῦτα.
1096 2160 1197 2197 τας
1221 2138 1323 2213 μὲν
1348 2134 1417 2211 δη
1444 2136 1568 2199 νέας
1606 2136 1708 2200 τοὶς
1746 2134 1936 2199 πάσας

339 2221 676 2298 ἀπικομένας
725 2226 779 2284 ἐς
821 2223 1109 2299 Δορίσκον
1149 2226 1203 2282 οἱ
1244 2222 1527 2334 ναύαρχοι,
1572 2223 1937 2287 κελευσαντος

339 2310 626 2385 Ξέρξεω,’
601 2335 656 2373 ες
681 2335 781 2368 τον
809 2309 1067 2388 αἰγιαλον
1091 2310 1192 2370 τόν
1218 2336 1505 2390 προσεχεα
1532 2311 1846 2389 Δορίσκῳ’
1821 2312 1934 2371 εκό-

336 2421 534 2472 μισαν·
579 2400 635 2455 ἐν
660 2400 738 2474 τῷ
765 2396 926 2471 Σάλη
950 2422 1012 2457 τε
1039 2399 1421 2475 Σαμοθρηῖκίη
1448 2397 1791 2457 πεπόλισται
1831 2397 1932 2457 πό-

336 2488 427 2547 λις
475 2483 568 2543 καὶ
610 2483 782 2559 Ζώνη,
823 2486 1115 2544 τελευταία
1158 2486 1219 2545 δὲ
1261 2484 1431 2547 αυτοῦ
1475 2486 1747 2562 Σέρρειον,
1793 2483 1935 2561 ἄκρη

338 2570 649 2648 ὀνομαστή·
693 2571 724 2631 ὁ
759 2571 818 2631 δὲ
853 2570 1239 2659 χῶρος-«ουτος
1278 2599 1345 2634 το
1380 2570 1626 2631 παλαιὸν
1664 2569 1735 2646 ἦν
1767 2573 1935 2631 Κικό-

341 2686 460 2718 νων.
545 2665 599 2724 ἐς
624 2663 823 2721 τοῦτον
845 2686 945 2720 τον
971 2660 1231 2741 αἰγιαλὸν
1268 2658 1658 2738 κατασχόντες,
1685 2684 1785 2723 τας
1811 2661 1936 2722 νέας

339 2746 616 2826 ἀνέψυχον
653 2746 1074 2811 οἷνελκυσαντες·
1118 2774 1150 2807 ο
1177 2748 1323 2808 δὲέν
1345 2750 1423 2825 τῷ
1449 2748 1711 2828 Δορίσκω
1736 2752 1937 2809 τοῦτον

339 2834 435 2894 τόν
466 2835 670 2913 χρόνον
697 2840 797 2911 τῆς
825 2839 1092 2911 στρατιῆς
1128 2834 1364 2911 σῖριθμόν
1404 2836 1669 2897 ἐποιέετο.
1741 2834 1929 2895 Ὅσον
1952 2834 2029 2892 60

339 2924 438 2998 μέν
477 2950 572 2983 νυν
614 2924 862 2982 {nau-‘rot‘
879 2926 1148 3000 παρεῖχον
1187 2923 1407 2997 πλῆθος
1448 2926 1504 2984 ἐς
1543 2921 1793 2999 ἀριθμὸν,
1836 2922 1935 2980 οὔκ

339 3011 445 3087 ἔχω
486 3010 634 3069 εἶπαι
662 3010 726 3069 τό
753 3009 993 3085 ἀτρεκές·
1038 3008 1101 3067 οὗ
1128 3007 1237 3088 γὰρ
1265 3010 1488 3089 λέγεται
1514 3008 1654 3085 πρὸς
1680 3008 1961 3083 οὐδαμῶν·

338 3096 656 3175 ἀνθρώπων·
713 3097 1037 3173 σύμπαντος
1077 3096 1137 3155 δὲ
1183 3099 1283 3154 τοῦ
1329 3100 1576 3173 στρατοῦ
1620 3099 1721 3154 τοῦ
1767 3096 1937 3165 πεζοῦ

339 3184 404 3244 τὰ
441 3186 659 3261 πλῆθος
693 3185 872 3261 ἐφάνη
899 3182 1288 3259 ἐβδομήκοντα
1316 3183 1407 3241 καὶ
1433 3182 1630 3243 ἑκατόν
1655 3182 1931 3260 μυριάδες.

341 3272 718 3349 ἐξηρίθμησαν
755 3272 814 3331 δὲ
853 3271 1010 3331 τόνδε
1035 3269 1136 3330 τόν
1162 3269 1388 3347 τρόπον·
1431 3269 1838 3351 συναγαγόντες
1878 3274 1933 3335 ἐς
