2192 3409
325 111 605 176 157—160]
986 112 1358 160 n0A‘rMN1A.
1819 113 1914 161 18⁵

320 191 513 255 τοντός
536 217 600 252 τε
616 190 716 251 τὰν
736 190 976 268 Δωριέος
992 194 1093 251 τοῦ
1118 190 1548 268 Ἀναξανδρίδεω
1567 188 1708 267 πρός
1719 188 1916 271 Ἐγεσ-

318 271 486 340 ταίων
502 278 678 355 φόνον
698 278 1098 357 ἐκπρήξασθαι,
1111 278 1494 341 ὑποτείνοντός
1505 304 1567 339 τε
1584 278 1656 338 τοὶ
1677 279 1916 355 ἐμπόρια

319 368 767 445 συνελευθεροῦν,
794 366 887 425 ἀπ’
916 365 991 427 ὧν
1020 366 1150 443 ύμῖν
1180 367 1425 447 μεγάλαι
1458 366 1694 443 ὠφελίαι
1729 392 1790 425 τε
1825 367 1916 425 καὶ

318 455 641 533 ἐπαυρέσιες
674 453 959 535 γεγόνασι,
992 453 1119 514 οὔτε
1155 458 1288 531 ἐμεῦ
1325 454 1506 514 εἵνεκα
1537 453 1742 530 ἤλθετε
1772 455 1913 530 βοη-

319 541 588 617 θήσοντες
626 540 752 600 οὔτε
786 543 885 601 τὸν
918 542 1160 619 Δωριέος
1195 541 1370 617 φόνον
1403 541 1816 619 ἐκπρηξόμενοι,
1845 540 1916 601 τό

316 653 379 689 τε
404 629 521 689 κατ’
546 629 717 707 ὖμέας
740 628 874 689 τάδε
906 629 1126 689 ἅπαντα
1150 628 1261 688 aba}
1291 628 1648 706 βαρβάροισι
1673 630 1913 706 νέμεται·

316 715 473 775 οἷλλοὶ
504 716 565 775 εὖ
594 717 705 797 γὰρ
734 715 872 793 ἡμῖν
904 716 997 775 καὶ
1030 717 1124 775 ἐπὶ
1157 715 1223 776 τό
1260 716 1484 793 ἄμεινον
1516 716 1778 792 κατέστη·
1819 719 1916 777 νῦν

318 804 377 909 8εέ
422 804 609 880 ἐπειδὴ
656 803 1027 881 περιελήλυθε
1072 803 1108 863 ό
1153 803 1402 880 πόλεμος
1447 804 1538 865 καὶ
1583 803 1815 887 ἀπῖκται
1861 808 1916 867 ἐς

316 889 503 967 υμέας,
541 891 683 951 οὕτω
723 892 791 969 δὴ
831 894 1082 955 Γέλωνος
1120 894 1360 969 μνῆστις
1394 894 1612 973 γέγονε.
1692 891 1913 968 α’,τιμίης

318 978 378 1037 δὲ
410 981 551 1057 πρός
582 982 763 1057 υμεων
800 980 1046 1056 κυρήσας
1082 978 1181 1039 οὐκ
1221 979 1574 1057 ὁμοιώσομαι
1611 978 1742 1056 υμῖν
1781 978 1912 1038 ἀλλ’

317 1067 535 1143 ἐτοῖμός
562 1071 673 1143 εἶμι
696 1068 974 1143 βοηθέειν,
996 1066 1377 1145 παρεχόμενος
1402 1068 1688 1142 διηκοσίας
1711 1092 1774 1126 τε
1797 1092 1912 1144 τρι-

315 1153 483 1230 ήρεας
519 1156 611 1213 καὶ
641 1154 961 1231 δισμυρίους
992 1155 1244 1224 ὁπλίτας,
1281 1155 1372 1213 καὶ
1405 1154 1690 1233 δισχιλίην
1721 1155 1910 1223 ἵππον,

318 1240 410 1300 καὶ
436 1241 751 1321 δισχιλίους
776 1242 1022 1312 τοξότας,
1052 1243 1144 1301 καὶ
1175 1242 1488 1320 δισχιλίους
1514 1242 1910 1325 σφενδονήτας,

318 1330 409 1388 καὶ
435 1330 747 1409 δισχιλίους
772 1330 1149 1408 ἱπποδρόμους
1173 1329 1390 1408 ψιλούς·
1433 1329 1595 1390 σῖτόν
1619 1356 1680 1389 τε
1715 1327 1914 1407 οἷποῖσῃ

315 1421 387 1495 τῇ
409 1418 699 1494 Ἑλλήνων
732 1420 971 1497 στρατιῇ
999 1417 1114 1477 ἔστ’
1141 1415 1208 1478 ἂν
1241 1417 1741 1493 διαπολεμήσωμεν
1775 1416 1910 1477 ὕπο-

317 1504 542 1580 δέκομαι
559 1506 833 1582 παρέξειν·
862 1506 953 1563 ἐπὶ
973 1506 1032 1576 δὲ
1050 1506 1204 1587 λόγῳ
1218 1505 1409 1583 τοιῷδε
1425 1505 1557 1564 τάδε
1573 1504 1907 1583 ὑπίσχομαι·

318 1592 401 1650 ἐπ’
421 1590 465 1670 ᾧ
482 1592 797 1672 στρατηγός
821 1618 884 1652 τε
910 1594 1001 1651 καὶ
1025 1592 1250 1674 ἡγεμών
1265 1597 1377 1652 τῶν
1399 1591 1688 1668 Ἑλλήνων
1707 1594 1912 1669 ἔσομαι

314 1678 456 1756 πρός
478 1678 579 1740 τόν
602 1679 923 1757 βάρβαρον·
960 1679 1045 1739 ἐπ’
1065 1679 1226 1760 ἄλλῳ
1254 1680 1313 1739 δὲ
1339 1680 1492 1761 λόγῳ
1521 1678 1634 1740 οὔτ’
1653 1677 1721 1740 ἂν
1745 1680 1910 1743 αὗτός

315 1766 537 1843 ἔλθοιμι
562 1765 674 1827 οὔτ’
694 1765 762 1827 ἂν
781 1766 993 1831 ἄλλους
1016 1766 1352 1847 πέμψαιμι.”
1410 1771 1600 1827 Ταῦτα
1625 1768 1872 1832 οἰκούσας
1889 1770 2002 1827 159

314 1852 441 1913 οὔτε
468 1854 743 1933 ἡνέσχετο
773 1855 807 1915 ό
841 1856 1090 1937 Σύαγρος
1125 1856 1246 1915 εἶπέ
1273 1880 1337 1915 τε
1368 1855 1518 1916 τάδε·
1555 1853 1650 1931 ’“ἦ
1687 1880 1748 1913 κε
1783 1853 1908 1937 μέγ’

314 1940 592 2017 οἶμῶξειεν
656 1940 689 2001 ό
756 1944 1083 2019 Πελοπίδης
1149 1942 1529 2024 Ἀγαμέμνων,
1597 1940 1910 2020 πυθόμενος

313 2028 665 2106 Σπαρτιήτας
689 2030 793 2106 τὴν
816 2030 1120 2111 ἡγεμονίην
1144 2029 1568 2107 ἀπαραιρῆσθαι
1589 2029 1700 2091 ὖπὸ
1726 2032 1908 2089 Γέλω-

312 2113 402 2177 νός
424 2142 487 2176 τε
514 2118 605 2175 καὶ
632 2117 1042 2194 Συρηκουσέων·
1076 2116 1234 2175 αλλα
1257 2116 1457 2177 τούτου
1483 2120 1585 2194 μὲν
1603 2122 1704 2179 τοῦ
1729 2118 1909 2199 λόγου

307 2204 505 2277 μηκέτι
534 2203 868 2283 μνησθῇς,
834 2230 975 2267 οκως
1004 2204 1108 2279 τήν
1132 2204 1432 2285 ἡγεμονίην
1457 2231 1546 2265 τοι
1580 2206 1908 2282 παραδωσο·

306 2313 430 2364 μεν·
473 2288 621 2359 ἀλλ’,
651 2295 697 2349 εἰ
722 2294 825 2366 μὲν
848 2292 1092 2366 βούλεαι
1117 2294 1384 2369 βοηθέειν
1406 2297 1478 2371 τῇ
1503 2292 1757 2361 Ελλαδι,
1786 2292 1908 2352 ἴσθι

309 2374 669 2451 ἀρξόμενοι·ε
636 2378 747 2437 υπὸ
773 2376 1238 2455 Λακεδαιμονίων·
1283 2385 1332 2439 εἰ
1361 2380 1407 2439 δ
1433 2380 1544 2457 ἄρα
1568 2380 1653 2455 μὴ
1677 2378 1908 2441 δικαιοῖς

308 2460 603 2539 ἄρχεσθαι,
634 2464 709 2523 σύ
734 2464 795 2523 δὲ
817 2465 899 2541 μὴ
924 2466 1238 2542 βοηθέειν.”
1307 2467 1462 2543 Πρός
1485 2472 1662 2527 ταῦτα
1697 2466 1730 2525 ό
1767 2466 1866 2524 Ρέ·
1885 2468 2002 2525 160

305 2553 439 2618 λων,
481 2550 669 2627 ἐπειδὴ
706 2550 820 2630 ὥρα
860 2552 1359 2632 ἀπεστραμμένους
1396 2553 1526 2617 τοῦς
1562 2553 1770 2633 λόγους
1805 2557 1906 2612 τοῦ

306 2635 581 2717 Συάγρου,
606 2663 706 2698 τον
734 2640 1055 2701 τελευταῖόν
1086 2648 1202 2717 σφι
1229 2641 1388 2700 τόνδε
1425 2639 1677 2715 ἐξέφαινε
1709 2638 1904 2720 λόγον·

305 2733 341 2757 “
371 2721 399 2746 ’
359 2724 569 2793 ωξεΐνε
605 2728 945 2803 Σπαρτιῆτα,
974 2728 1186 2788 ὀνείδεα
1218 2727 1478 2788 κατιόντα
1507 2724 1778 2807 ἅνθρῶπῳ
1813 2734 1903 2803 φι-

304 2811 421 2869 λέει
458 2814 751 2895 ἐπανάγειν
785 2815 887 2875 τόν
924 2815 1119 2893 θυμόν·
1163 2842 1238 2876 συ
1270 2817 1463 2893 μέντοι
1497 2815 1907 2894 ἅποδεξαμενος

305 2896 637 2976 ὕβρίσματα
662 2906 721 2961 ἐν
751 2906 827 2980 τῷ
858 2903 1028 2984 λόγῳ,
1061 2903 1127 2963 οὔ
1158 2930 1232 2980 με
1264 2905 1490 2967 ἔπεισας
1520 2903 1822 2982 ἀσχήμονα
1847 2909 1906 2963 ἐν

302 2988 375 3062 τῇ
402 2985 621 3066 ἀμοιβῇ
646 2990 927 3070 γενέσθαι·
970 2990 1106 3051 ὅκου
1137 2991 1198 3050 δὲ
1227 2991 1383 3068 ὑμεῖς
1409 2990 1552 3051 οὕτω
1575 2990 1906 3068 περιέχεσθε

302 3076 404 3147 Τῆς
440 3074 757 3155 ἡγεμονίης,
786 3076 935 3139 οἰκὸς
975 3078 1069 3135 καὶ
1111 3081 1207 3155 ἐμὲ
1245 3083 1472 3155 μᾶλλον
1509 3078 1692 3156 ὑμέων
1729 3077 1908 3153 περιέ-

302 3161 526 3236 χεσθαι,
568 3167 837 3240 στρατιῆς
875 3190 936 3222 τε
977 3164 1138 3223 ἐόντα
1177 3167 1621 3241 πολλαπλασίης
1659 3164 1908 3245 ἡγεμόνα

305 3248 397 3305 καὶ
422 3253 566 3323 νηῶν
596 3249 745 3308 πολι)
779 3250 1047 3309 πλεύνων·
1090 3250 1221 3309 ἀλλ’
1251 3255 1376 3313 ἐπεί
1404 3280 1468 3314 τε
1500 3254 1630 3329 ὑμῖν
1665 3252 1697 3311 ὁ
1733 3250 1904 3331 λόγος
