2192 3409
310 118 563 183 98—101]
986 120 1214 169 Emm.
1842 125 1903 172 99

307 201 660 278 ἐλάμβανον·
709 199 782 264 ὥς
821 200 882 259 δὲ
919 200 1315 277 περιπλέοντες
1350 199 1453 263 τοῖς
1482 200 1691 276 νήσους
1714 228 1905 279 ,προσ-

307 288 482 367 έσχον
519 288 612 347 καὶ
639 293 694 352 ἐς
721 287 1039 364 Κάρυστον,
1077 286 1169 369 (οὗ
1203 287 1313 369 γάρ
1358 286 1427 363 δή
1470 294 1583 364 σφι
1625 292 1679 348 οἱ
1719 289 1905 367 Καρύ-

305 401 458 435 στιοι
485 375 611 436 οὔτε
637 374 882 452 ὁμήρους
909 376 1167 436 ἐδίδοσαν
1207 375 1334 435 οὔτε
1375 376 1596 451 ἔφασαν
1622 377 1715 435 ἐπὶ
1740 376 1906 439 πόλις

305 462 702 545 ἀστυγείτονας
746 463 1170 539 στρατεύεσθαι,
1213 464 1472 544 λέγοντες
1512 462 1797 541 Ἐρέτριάν
1843 489 1906 524 τε

307 552 399 609 καὶ
439 551 722 630 Ἀθήνας,)
767 553 1002 611 ἐνθαῦτα
1043 550 1272 613 τούτους
1315 549 1675 626 ἐπολιόρκεόν
1715 578 1778 611 τε
1814 552 1906 611 καὶ

303 638 408 714 τὴν
432 643 541 720 γῆν
567 640 760 715 σφέων
788 640 1011 716 ἔκειρον,
1043 644 1096 703 ἐς
1138 637 1170 697 3
1208 639 1299 696 καὶ
1340 642 1394 697 οἱ
1420 638 1733 715 Καρύστιοι
1756 634 1903 715 παρ-

305 727 558 803 έστησαν
583 734 639 790 ἐς
663 732 774 787 τῶν
800 728 1068 802 Περσέων
1092 726 1199 802 τήν
1236 726 1480 807 γνώμην.
1560 725 1863 805 Ἐρετριέες
1882 731 1994 787 100

303 814 364 872 δὲ
406 815 808 891 πυνθανόμενοι
861 814 966 891 τήν
1011 814 1283 892 στρατιὴν
1322 814 1427 889 τὴν
1470 816 1763 892 Περσικήν
1810 817 1900 876 ἐπὶ

303 902 490 977 σφέας
544 904 941 971 ἐπιπλέουσαν,
993 901 1303 977 Ἀθηναίων
1364 903 1673 979 ἐδεήθησαν
1725 905 1902 979 σφίσι

299 988 552 1062 βοηθοῦς
589 991 874 1069 γενέσθαι·
913 988 1205 1065 Ἀθηναῖοι
1231 989 1291 1048 δὲ
1316 989 1415 1049 οὐκ
1456 989 1763 1051 ἀπείπαντο
1797 991 1902 1066 τὴν

273 1110 278 1115 -
301 1078 635 1152 ἐπικουρίην,
663 1076 818 1137 άλλαῖ
847 1077 978 1141 τούς
1015 1078 1497 1155 τετρακισχιλίους
1534 1079 1901 1156 κληρουχέον-

298 1189 408 1225 τας.
424 1168 535 1224 τῶν
565 1167 922 1242 ἱπποβοτέων
949 1165 1275 1225 Χαλκιδέων
1304 1163 1409 1239 τὴν
1440 1164 1640 1243 χώρην,
1670 1165 1902 1230 τούτους

299 1258 415 1327 σφι
457 1252 676 1312 διδοῦσι
715 1253 1004 1331 τιμωρούς·
1051 1256 1164 1313 τῶν
1208 1253 1269 1311 δὲ
1312 1251 1633 1329 Ἐρετριέων
1680 1251 1750 1328 ἦν
1790 1252 1901 1330 ἄρα

299 1337 459 1399 οὐδὲν
497 1338 646 1419 ὖγιές
685 1342 1000 1418 βούλευμα·
1043 1340 1099 1400 οἳ
1138 1340 1560 1417 μετεπέμποντο
1594 1342 1697 1416 μὲν
1732 1340 1897 1416 Ἀθη-

298 1427 500 1497 ναίους,
531 1428 797 1507 ἐφρόνεον
833 1428 894 1487 δὲ
924 1430 1195 1504 διφασίας
1235 1428 1399 1492 ἰδέας·
1442 1431 1507 1487 οἱ.
1524 1431 1629 1504 μὲν
1653 1428 1763 1508 γσῖρ
1803 1428 1896 1487 αὕ-

298 1517 408 1573 τῶν
445 1515 816 1590 ἐβουλεύοντο
845 1520 1092 1576 ἐκλιπεῖν
1116 1516 1222 1591 τήν
1247 1515 1417 1576 πόλιν
1446 1520 1500 1580 ἐς
1524 1516 1597 1575 τοὶ
1624 1516 1766 1594 ἄκρα
1792 1522 1893 1593 τῆς

299 1602 566 1678 Εὐβοίης,
594 1601 764 1663 ἄλλοι
791 1605 852 1663 δὲ
877 1605 1056 1665 αὐτῶν
1079 1604 1194 1663 ἴδια
1235 1605 1428 1682 κέρδεα
1458 1605 1897 1681 προσδεκόμενοι

298 1690 450 1765 παρὰ
473 1694 576 1749 τοῦ
605 1692 840 1768 Πέρσεω
867 1692 1149 1761 οἴσεσθαι,
1175 1693 1487 1770 προδοσίην
1512 1693 1893 1764 ἐσκευάζοντο·

297 1778 492 1853 μαθων
517 1780 578 1837 δὲ
601 1780 810 1839 τούτων
837 1780 1068 1857 ἑκάτερα
1104 1780 1175 1843 ὥς
1200 1781 1318 1858 εἶχε
1342 1783 1614 1859 Αἰσχίνης
1641 1780 1674 1840 ὁ
1702 1781 1895 1841 Νόθω-

299 1890 406 1935 νος,
452 1867 556 1927 {dne
601 1873 712 1929 τῶν
751 1867 1071 1946 Ἐρετριέων
1117 1869 1191 1927 τὰ
1234 1872 1445 1946 πρῶτα,
1492 1868 1693 1945 φράζει
1742 1874 1894 1929 τοῖσι

297 1952 498 2027 ἥκουσι
554 1960 666 2016 τῶν
717 1956 1026 2032 Ἀθηναίων
1081 1957 1267 2016 πάντα
1319 1956 1391 2017 τὰ
1444 1956 1723 2034 παρεόντα
1781 1964 1895 2033 σφι

297 2041 601 2123 πρήγματα
641 2044 977 2123 προσεδέετό
1001 2070 1064 2104 τε
1089 2044 1579 2105 ἀπαλλάσσεσθαί
1614 2051 1799 2121 σφεας
1839 2050 1894 2107 ἐς

295 2129 400 2203 τήν
438 2134 721 2209 σφετέρην
763 2134 852 2191 ἵνα
889 2131 971 2209 μή
1012 2132 1503 2209 προσαπόλωνται·
1545 2136 1599 2191 οἱ
1630 2133 1691 2191 δὲ
1728 2131 1893 2209 Ἀθη-

295 2220 440 2276 ναῖοι
463 2223 642 2278 ταῦτα
668 2222 911 2299 Αἰσχίνῃ
933 2220 1432 2296 συμβουλεύσαντι
1457 2220 1761 2279 πείθονται·
1800 2222 1892 2278 καὶ

295 2302 449 2363 οὗτοι
484 2308 588 2381 μὲν
625 2306 918 2382 διαβάντες
955 2312 1010 2370 ἐς
1041 2306 1299 2383 ’opum-dv
1331 2308 1537 2377 ἔσωζον
1572 2308 1757 2382 σφέας
1792 2308 1885 2365 αὖ·

292 2390 440 2452 τούς.
527 2396 600 2451 Οἶ
637 2392 696 2452 δὲ
728 2396 950 2471 Πέρσαι
979 2397 1247 2458 πλέοντες
1280 2394 1559 2471 κατέσχον
1592 2393 1692 2456 τοῖς
1727 2395 1851 2456 νέας
1873 2398 1980 2453 101

291 2482 393 2553 τῆς
416 2478 738 2558 Ἐρετρικῆς
761 2483 944 2561 χώρης
971 2483 1114 2543 κατὰ
1140 2481 1397 2559 Ταμύνας
1423 2481 1515 2539 καὶ
1535 2480 1775 2557 Χοιρέας
1800 2482 1893 2540 καὶ

292 2568 542 2647 Αἷγιλια·
601 2571 976 2649 κατασχόντες
1022 2572 1082 2630 δὲ
1127 2574 1304 2629 ταῦτα.
1341 2569 1412 2629 τᾶ
1452 2568 1646 2646 χωρία,
1694 2567 1892 2628 αὐτίκα

294 2652 496 2718 ἵππους
507 2682 572 2716 τε
597 2657 996 2732 ἐξεβάλλοντο,
1015 2658 1108 2716 καὶ
1127 2656 1607 2734 παρεσκευάζοντο
1628 2654 1699 2720 οἷς
1714 2682 1893 2734 προσ-

293 2741 579 2818 οισόμενοι
617 2748 772 2805 τοῖσι
808 2747 1064 2824 ἐχθροῖσι
1077 2771 1090 2785 ·
1140 2747 1195 2803 οἱ
1233 2744 1293 2802 δὲ
1328 2742 1631 2821 Ἐρετριέες
1668 2746 1890 2814 ἐπεξελ-

292 2828 407 2887 θεῖν
459 2834 564 2906 μὲν
610 2833 702 2891 καὶ
747 2832 1036 2911 μάχεσθαι
1083 2831 1183 2891 οὐκ
1230 2834 1514 2891 ἐποιεῦντο
1553 2831 1795 2908 βουλήν·
1839 2832 1890 2890 εἴ

291 2940 396 2978 κως
436 2917 496 2976 δὲ
539 2919 941 2995 διαφυλάξαιεν
971 2920 1044 2979 τὰ
1078 2920 1286 2998 τείχεα,
1326 2917 1527 2979 τούτου
1567 2925 1681 2993 σφι
1720 2920 1887 2995 ἔμελε

289 3004 432 3081 πέρι,
461 3007 587 3066 ἐπεί
606 3032 670 3065 τε
701 3007 852 3066 ἐνίκα
884 3007 965 3084 μὴ
995 3011 1244 3067 ἐκλιπεῖν
1268 3005 1375 3082 τὴν
1400 3006 1589 3065 πόλιν·
1620 3007 1885 3082 προσβο-

288 3093 394 3167 λῆς
434 3093 494 3152 δὲ
531 3095 823 3175 γινομένης
863 3100 1131 3171 καρτερῆς
1169 3094 1312 3171 πρὸς
1334 3095 1400 3153 τὰ
1428 3098 1625 3171 τεῖχος,
1658 3094 1889 3155 ἔπιπτον

290 3180 382 3237 ἐπὶ
409 3181 472 3250 ἓξ
494 3182 706 3259 ἡμέρας
731 3183 944 3241 πολλοὶ
969 3184 1074 3259 μὲν
1100 3182 1453 3258 ἀμφοτέρων·
1483 3186 1555 3259 τῇ
1583 3181 1643 3239 δὲ
1670 3180 1889 3261 ἑβδόμῃ

288 3267 600 3344 Εὔφορβός
635 3294 698 3328 τε
725 3269 758 3328 ὁ
782 3268 1135 3346 Ἀλκιμάχου
1167 3270 1259 3327 καὶ
1286 3269 1568 3347 Φίλαγρος
1594 3268 1625 3327 ὁ
1655 3271 1887 3336 Κυνέου,
