2192 3409
287 108 382 156 140
899 104 1265 168 ἨΡΟΔΟΤΟΤ
1722 103 1877 168 [VII.

286 189 410 245 ἐστι
457 186 728 253 Νίσαιον·
781 184 912 247 τούς
955 182 1030 243 ὧν
1071 183 1139 258 δή
1187 184 1387 245 ἵππους
1426 181 1557 246 τοῦς
1602 182 1884 263 μεγάλους

285 274 444 350 φέρει
466 273 533 333 τό
561 271 751 333 πεδίον
775 276 956 333 τοῦτο.
1045 270 1251 331 ὄπισθε
1276 271 1337 329 δὲ
1361 268 1569 330 τούτων
1600 274 1712 330 τῶν
1752 271 1885 329 δέκα

285 362 467 421 ἵππων
493 360 644 438 ἅρμα
672 360 810 423 Διός
838 359 958 437 ἰρόν
985 360 1329 427 ἐπετέτακτο,
1355 357 1422 418 vd
1452 358 1612 417 ἵπποι
1637 362 1739 433 μὲν
1770 384 1797 417 ε
1858 394 1882 403 -

285 476 382 509 κον
423 449 611 508 λευκοὶ
652 447 815 507 ὄκτιύ·
859 446 1064 507 ὄπισθε
1091 447 1150 506 δὲ
1176 450 1286 506 τῶν
1315 447 1496 505 ἵππων
1523 446 1711 505 εἵπετο
1741 448 1881 525 πεζῇ

281 536 521 615 ἡνίοχος,
561 535 822 613 ἐχόμενος
863 538 975 595 τῶν
1015 538 1278 613 χαλινῶν·
1322 533 1499 597 οὐδεὶς
1530 534 1642 613 γὰρ
1686 534 1755 611 δή
1790 536 1881 593 ἐπὶ

281 628 480 683 τοῦτον
519 622 616 682 τᾶν
658 622 857 698 θρόνον
897 620 1199 698 ἀνθρώπων
1236 620 1547 705 ἀναβαίνεις
1589 621 1789 681 τούτου
1823 622 1883 680 δὲ

281 710 515 770 ὄπισθεν
557 708 720 772 αὐτὸς
745 711 958 786 Ξέρξης
999 709 1082 768 ἐπ’
1110 708 1357 787 ἅρματος
1398 710 1580 769 ἵππων
1605 709 1879 769 Νισαίων·

281 799 656 874 παραβέβηκε
695 798 758 856 δέ
799 800 850 857 οἱ
876 797 1117 875 ἡνίοχος,
1144 802 1223 875 τῷ
1250 796 1461 875 οὕνομα
1493 795 1563 872 ἦν
1590 797 1881 877 Πατιράμ-

187 888 256 943 41
283 892 408 961 φης,
438 884 680 945 Ὀτάνεω
719 889 852 947 παῖς
893 885 1088 961 ἀνδρὸς
1116 886 1369 961 Πέρσεω.
1453 883 1739 960 Ἐξῆλασε
1776 888 1882 959 μὲν

283 972 422 1033 οὕτω
465 978 524 1034 ἐκ
571 974 818 1050 Σαρδίων
862 974 1090 1050 Ξέρξης·
1126 973 1579 1049 ’μετεκβαίνεσκε
1618 972 1693 1042 δὲ,
1742 972 1881 1035 ὅκως

279 1089 376 1138 μιν
419 1063 592 1142 λόγος
639 1063 828 1139 αἱρέοι,
879 1067 938 1121 ἐκ
983 1064 1084 1121 τοῦ
1133 1059 1379 1138 ἅρματος
1424 1066 1480 1123 ἐς
1524 1059 1876 1137 ἁρμάμαξαν.

281 1150 450 1211 αυτοῦ
491 1152 550 1210 δὲ
590 1150 826 1211 ὄπισθεν
862 1148 1223 1229 αιχμοφόροι,
1254 1150 1519 1226 Περσέων
1560 1151 1615 1207 οἱ
1656 1148 1885 1223 ἄριστοί

279 1266 342 1299 τε
367 1241 460 1301 καὶ
483 1239 879 1322 γενναιότατοι,
907 1240 1102 1317 χίλιοι,
1133 1263 1275 1297 κατα
1319 1237 1491 1315 νόμον
1530 1236 1629 1299 τὰς
1657 1238 1879 1316 λόγχας

282 1329 515 1406 ἔχοντες·
563 1328 706 1405 μετοὶ
754 1328 828 1397 δε,
879 1329 1046 1389 ἵππος
1093 1326 1247 1401 ἄλλη
1298 1327 1459 1403 χιλίη
1505 1331 1565 1384 ἐκ
1613 1327 1879 1402 Περσέων

191 1431 206 1445 ⁰
281 1415 722 1497 απολελεγμένη·
763 1415 906 1492 μετοὶ
947 1415 1006 1473 δὲ
1045 1440 1151 1489 την
1196 1414 1383 1482 ἵππον,
1414 1418 1473 1471 ἐκ
1514 1416 1625 1473 τῶν
1666 1418 1878 1472 λοιπῶν

284 1505 548 1580 Περσέων
595 1503 1036 1582 ἀπολελεγμένοι
1083 1500 1288 1577 μύριοι.
1374 1498 1537 1563 οὗτος
1584 1500 1749 1570 πεζὸς
1788 1500 1875 1576 ἦν·

285 1590 376 1648 καὶ
417 1589 624 1649 τούτων
664 1590 840 1668 χίλιοι
881 1591 984 1665 μὲν
1027 1590 1119 1647 ἐπὶ
1163 1593 1317 1648 τοῖσι
1362 1588 1564 1665 δόρασι
1606 1587 1729 1647 ἀντὶ
1768 1593 1877 1648 τῶν

283 1676 650 1753 σαυρωτήρων
691 1676 846 1753 ῥοιὰς
891 1675 1044 1753 εἶχον
1095 1677 1357 1755 χρυσέας,
1400 1676 1493 1735 καὶ
1535 1676 1697 1751 πέριξ
1748 1702 1854 1735 συν

283 1764 506 1841 εκλήϊον
544 1763 672 1826 τούς
698 1762 929 1826 ἄλλους·
973 1766 1026 1821 οἱ
1053 1763 1112 1821 δὲ
1138 1764 1529 1842 εἰνακισχίλιοι
1550 1764 1723 1825 ’ἐντὸς
1754 1764 1875 1823 τού·

281 1878 390 1911 των
417 1851 596 1915 ἐόντες
620 1852 890 1933 ἀργυρέας
913 1851 1067 1927 ῥοιὰς
1093 1851 1262 1929 εἶχον.
1348 1850 1525 1930 (εἶχον
1550 1850 1611 1909 δὲ
1636 1852 1877 1929 χρυσέας

282 1939 437 2017 ροιοῖς
464 1941 554 1999 καὶ
583 1942 635 2000 οἱ
661 1944 738 2003 εἰς
761 1940 865 2015 τήν
897 1943 1008 2020 γῆν
1047 1940 1341 2015 τρέποντες
1378 1938 1479 2001 τὰς
1518 1937 1749 2019 λόγχας,
1782 1939 1876 1997 καὶ

281 2032 440 2104 μῆλα
477 2032 532 2089 οἱ
557 2027 805 2109 ἄγχιστα
841 2027 1099 2103 ἑπόμενοι
1127 2027 1349 2107 Ξέρξῃ.)
1430 2029 1583 2086 τοῖσι
1624 2026 1682 2083 δὲ
1722 2026 1876 2103 μυρί-

285 2142 402 2176 οισι
448 2117 774 2177 ἐπετέτακτο
821 2117 987 2178 ἵππος
1033 2115 1303 2191 Περσέων
1355 2115 1542 2191 μυρίη.
1625 2114 1767 2189 μετᾶ.
1820 2114 1877 2172 δὲ

282 2204 384 2280 τήν
423 2205 593 2264 ἵππον
633 2204 876 2263 διέλειπε
915 2204 1004 2261 καὶ
1041 2202 1137 2262 δύο
1180 2203 1455 2272 σταδίους,
1486 2202 1577 2259 καὶ
1620 2203 1805 2259 ἔπειτα
1846 2202 1877 2259 ὁ

281 2293 479 2356 λοιπὸς
519 2292 716 2371 ὅμιλος
755 2290 842 2367 ἤϊε
881 2291 1103 2367 ἀναμίξ.

185 2383 262 2440 42
361 2380 643 2441 Ἐποιέετο
687 2380 744 2439 δὲ
785 2379 889 2455 τὴν
925 2378 1054 2439 ὁδὸν
1089 2382 1151 2437 ἐκ
1183 2381 1284 2453 τῆς
1323 2376 1530 2451 Λυδίης
1572 2374 1603 2435 ὁ
1639 2374 1877 2452 στρατὸς

283 2470 378 2526 ἐπί
407 2494 468 2527 τε
503 2468 756 2545 ποταμὸν
799 2466 1011 2526 Κάῖκον
1053 2467 1145 2524 καὶ
1180 2470 1289 2545 γῆν
1325 2464 1431 2539 τήν
1472 2464 1722 2539 Μυσίην·
1764 2462 1877 2522 ἀπὸ

281 2556 342 2626 δὲ
367 2558 582 2615 Καΐκου
612 2554 972 2632 ὁρμεώμενος,
1001 2552 1192 2628 Κάνης
1232 2551 1361 2629 ὅρος
1386 2552 1525 2631 ἔχων
1568 2556 1625 2611 ἐν
1658 2550 1877 2625 οἷριστε-

278 2648 366 2720 ρῇ,
413 2643 504 2702 διαὶ
545 2647 646 2702 τοῦ
685 2642 980 2719 Ἀταρνέος
1029 2646 1082 2703 ἐς
1126 2641 1377 2717 Καρίνην
1418 2639 1607 2699 πόλιν·
1662 2637 1775 2697 οἶπό
1820 2639 1879 2695 δὲ

281 2730 482 2804 ταύτης
517 2730 608 2789 διοὶ
639 2729 837 2805 Θήβης
871 2729 1064 2787 πεδίου
1106 2727 1414 2805 ἐπορεύετο,
1450 2718 1879 2803 Ἀτραμύττειόν

278 2844 340 2876 τε
380 2816 550 2877 πόλιν
589 2818 680 2875 καὶ
704 2816 1045 2893 Ἀντανδρον
1086 2816 1191 2892 τήν
1232 2816 1569 2896 Πελασγίδα
1610 2837 1879 2889 παραμει-

282 2904 557 2981 βόμενος·-
585 2904 689 2979 τήν
705 2904 862 2980 Ἴδην
885 2904 946 2963 δὲ
971 2904 1171 2980 λαβών
1205 2908 1259 2967 ἐς
1286 2901 1585 2979 ἀριστερὴν
1612 2902 1766 2979 χέρα,
1794 2899 1881 2975 ἤϊε

285 2996 338 3053 ἐς
363 2991 466 3066 τήν
491 2990 707 3049 Ἰλιάδα
745 2994 876 3070 γῆν.
958 2992 1049 3048 καὶ
1077 2994 1271 3066 πρᾶὴα
1296 2990 1401 3065 μέν
1430 2992 1484 3047 οἱ
1510 2988 1619 3047 ivm*
1655 2992 1725 3065 τῇ
1756 2986 1880 3063 Ἴδῃ

285 3078 452 3136 νύκτα
485 3077 836 3153 ἀναμείναντι
866 3077 1111 3153 βρονταί
1136 3101 1199 3135 τε
1232 3076 1323 3133 καὶ
1348 3080 1668 3151 πρηστῆρες
1698 3076 1878 3133 ἐπεισ-

285 3164 571 3232 πίπτουσι,
627 3164 722 3219 καί
785 3188 909 3221 τινα
964 3162 1133 3221 αὐτοῦ
1184 3160 1358 3238 ταύτῃ
1414 3160 1627 3238 συχνὸν
1680 3160 1879 3233 ὅμιλον

187 3252 261 3305 43
291 3248 624 3321 διέφθειραν.
707 3248 1074 3321 Ἀπικομένου
1119 3250 1177 3306 δὲ
1218 3250 1317 3306 τοῦ
1362 3250 1607 3322 στρατοῦ
1654 3246 1745 3303 ἐπὶ
1780 3244 1881 3302 τόν
