2192 3409
317 106 411 155 136
911 104 1283 153 ἨΡΟΔΟΤΨΤ
1752 106 1907 171 [VII.

224 186 290 243 31
317 182 414 245 Ὡς
441 182 502 242 δὲ
527 186 588 241 ἐκ
613 182 716 257 τῆς
741 182 984 262 Φρυγίης
1024 184 1275 257 ἐσέβαλε
1316 187 1370 247 ἐς
1408 182 1512 259 τήν
1534 184 1760 261 Λυδίην,
1789 213 1911 266 σχι,

315 271 545 347 ζομένης
569 273 670 345 τῆς
695 269 843 339 ὁδοῦ,
872 270 966 329 καὶ
993 273 1092 345 τῆς
1117 272 1221 345 μὲν
1248 275 1303 333 ἐς
1330 269 1631 347 ἀριστερὴν
1667 273 1759 331 ἐπὶ
1797 279 1914 333 Κα-

311 360 432 435 ρίης
471 357 768 435 φερούσης,
805 361 907 432 τῆς
951 358 1010 417 δὲ
1049 362 1104 421 ἐς
1140 357 1323 433 δεξιὴν
1364 362 1419 419 ἐς
1456 357 1673 435 Σάρδις,
1714 364 1787 439 τῇ
1824 363 1915 433 καὶ

311 447 658 524 πορευομένῳ
686 446 950 520 διαβῆναι
980 445 1078 505 τόν
1108 445 1433 523 Μαίανδρον
1460 445 1715 523 ποταμὸν
1754 453 1915 515 πᾶσα

313 534 526 643 ἀνάγκη
563 533 789 612 γίνεται,
819 533 912 591 καὶ
941 534 1078 592 ἰέναι
1111 531 1265 609 παρά
1294 532 1687 609 Καλλάτηβον
1726 535 1913 608 πόλιν,

312 625 370 680 ἐν
394 621 469 698 τῇ
499 618 689 695 ἄνδρες
715 619 1036 700 δημιοεργοὶ
1069 621 1207 697 μέλι
1248 624 1309 679 ἐκ
1344 622 1576 698 μυρίκης
1600 647 1663 682 τε
1690 622 1783 681 καὶ
1814 649 1915 683 πυ-

310 711 414 785 ροῦ
454 710 692 777 ποιεῦσι,
734 706 940 782 ταύτην
985 707 1078 767 ἶων
1122 706 1153 767 ὁ
1198 707 1413 785 Ξέρξης
1454 707 1559 783 τὴν
1600 708 1749 778 ὁδὸν,
1792 708 1915 788 εὗρε

309 793 709 864 πλατάνιστον,
736 794 840 870 τὴν
869 793 1108 858 κάλλεος
1136 796 1315 855 εἵνεκα
1346 795 1741 872 δωρησάμενος
1780 797 1914 858 κόσ-

309 909 396 962 μῳ
420 883 650 962 χρυσέῳ·
669 882 763 941 καὶ
787 882 1076 961 μελεδωνῶ
1102 882 1358 963 ἀθανάτῳ
1396 881 1554 959 ἀνδρὶ
1594 886 1911 964 ἐπιτρέψας,

216 972 292 1029 32
310 970 590 1050 δευτέρῃ’
553 972 736 1049 η’μέρῃ
755 969 984 1030 ἀπίκετο
1013 974 1068 1033 ἐς
1084 974 1195 1030 τῶν
1214 971 1411 1031 Λυδῶν
1436 996 1502 1031 το
1530 997 1698 1031 αστυ.
1756 972 1914 1033 Ἀπι-

311 1058 541 1135 κόμενος
565 1059 678 1117 δὲ’
652 1084 707 1122 ες
735 1057 949 1136 Σάρδις,
977 1084 1171 1134 πρωτα
1193 1060 1322 1165 pb...
1340 1057 1635 1136 ἀπέπεμπε
1676 1059 1914 1137 κήρυκας

309 1152 366 1209 ἐς
403 1147 508 1223 τήν
548 1145 817 1216 Ἑλλάδα,
865 1146 1199 1221 αἰτήσοντας
1244 1150 1355 1227 γῆν
1396 1172 1459 1207 τε
1501 1148 1593 1207 καὶ
1634 1146 1777 1225 υδωρ
1821 1150 1912 1209 καὶ

309 1236 672 1312 προερέοντας
713 1234 908 1293 δεῖπνα
953 1234 1197 1311 βασιλέῖ
1242 1234 1707 1312 παρασκευάζειν·
1758 1236 1913 1314 πλὴν

309 1323 437 1384 οὔτε
464 1328 520 1385 ἐς
543 1321 787 1399 Ἀθήνας
811 1320 940 1381 οὔτε
973 1327 1028 1385 ἐς
1053 1322 1445 1399 Λακεδαίμονα
1486 1322 1780 1399 ἀπέπεμπε
1821 1326 1913 1384 ἐπὶ

307 1416 414 1491 γῆς
449 1412 688 1487 αἴτησιν,
716 1414 788 1489 τῇ
815 1409 874 1469 δὲ
903 1408 1054 1488 ἄλλῃ
1079 1410 1283 1485 πάντη·
1324 1411 1495 1470 τῶνδε
1530 1411 1589 1469 δὲ
1627 1412 1807 1471 εἵνεκα
1843 1412 1911 1473 τό

309 1499 560 1573 δεύτερον
601 1498 894 1573 ἀπέπεμπε
937 1499 1028 1557 ἐπὶ
1061 1502 1169 1578 γῆν
1196 1524 1257 1557 τε
1284 1498 1377 1557 καὶ
1402 1496 1565 1576 ὕδωρ·
1606 1498 1737 1559 ὅσοι
1774 1500 1911 1577 πρό-

307 1612 470 1661 τερον
501 1584 600 1643 οὐκ
633 1585 835 1651 ἔδοσαν
863 1585 1080 1664 Δαρείῳ
1122 1586 1423 1663 πέμψαντι,
1451 1585 1679 1650 τούτους
1718 1586 1911 1669 ποίγχυ

311 1672 492 1732 ἐδόκεε
516 1672 644 1732 τότε
668 1671 962 1733 δείσαντας
1001 1672 1221 1731 δώσειν·
1264 1672 1617 1750 βουλόμενος
1658 1672 1733 1735 ὧν
1774 1673 1909 1735 air&

308 1764 474 1819 τοῦτο
533 1759 792 1834 ἐκμαθεῖν
843 1757 1105 1836 ἀκριβῶς,
1156 1761 1367 1837 ἔπεμπε
1380 1787 1407 1821 ·.
1448 1761 1591 1837 μετὰ
1636 1762 1697 1821 δὲ
1734 1766 1909 1823 ταῦτα

305 1846 752 1923 παρεσκευάζετο
779 1845 852 1908 ὥς
879 1851 1018 1907 ἐλῶν
1048 1852 1103 1911 ἐς
1118 1846 1395 1924 Ἄβυδον.

214 1938 290 1995 33
391 1939 465 1993 Οἱ
489 1936 548 1994 δὲ
577 1941 634 1994 ἐν
657 1933 836 2013 τούτῳ
864 1934 964 1995 τὸν
995 1934 1429 2011 Ἑλλήσποντον
1471 1936 1807 2017 ἐζεύγνυσαν
1846 1942 1908 1997 ἐκ

307 2028 408 2099 τῆς
444 2022 644 2099 Ἀσίης
684 2028 739 2086 ἐς
775 2022 880 2099 τήν
909 2022 1203 2100 Εὗρῶπην.
1288 2025 1425 2101 ἔστι
1449 2024 1508 2083 δὲ
1548 2029 1649 2099 τῆς
1688 2030 1907 2101 Χερσο-

307 2111 484 2187 νήσου
525 2115 626 2188 τῆς
661 2116 718 2171 ἐν
747 2110 1172 2191 Ἑλλησπόντῳ,
1210 2114 1435 2188 Σηστοῦ
1472 2137 1535 2171 τε
1570 2110 1773 2175 πόλιος
1810 2139 1907 2189 με-

306 2200 444 2270 ταξῦ
487 2198 578 2259 καὶ
605 2198 890 2273 Μαδύτου,
919 2198 1060 2275 ἀκτή
1084 2202 1297 2279 τραχέα
1324 2205 1379 2263 ἐς
1406 2199 1711 2259 θάλασσαν
1742 2200 1907 2277 κατή-

301 2288 488 2361 ἰςουσα
528 2287 751 2367 Ἀβύδῳ
800 2288 1108 2348 καταντίον·
1156 2289 1287 2347 ἔνθα
1330 2286 1474 2365 μεϊιῗ1
1512 2290 1687 2347 ταῦτα
1725 2288 1907 2368 χρόνῳ

305 2376 543 2455 ὕστερον
579 2375 646 2437 οὗ
680 2380 897 2455 πολλῷ,
941 2376 1031 2435 ἐπὶ
1063 2376 1395 2439 Ξανθίππου
1432 2378 1535 2435 τοῦ
1573 2374 1907 2452 Ἀρίφρονος

307 2468 627 2547 στρατηγοῦ
671 2463 994 2538 Ἀθηναίων,
1046 2462 1391 2541 Ἀρταΰκτην
1450 2462 1622 2540 ἄνδρα
1676 2464 1913 2541 Πέρσην

307 2553 586 2630 λαβόντες
601 2554 826 2628 Σηστοῦ
855 2551 1123 2629 ὕπαρχον,
1142 2552 1319 2621 ζῶντα
1344 2549 1486 2629 πρός
1506 2551 1709 2611 σανίδα
1728 2576 1907 2627 προσ-

305 2639 818 2698 διεπασ-σοίλευσαν·
861 2638 923 2701 ὃς
950 2640 1041 2698 καὶ
1069 2644 1127 2701 ἐς
1147 2642 1249 2699 τοῦ
1276 2637 1653 2715 Πρωτεσίλεω
1682 2638 1751 2699 τό
1788 2639 1909 2713 ἶρὸν

306 2726 362 2787 ἐς
386 2726 720 2785 Ἐλαιοῦντα
737 2726 1089 2806 ἀγινεόμενος
1102 2730 1381 2806 γυναῖκας,
1398 2725 1636 2803 ἀθέμιτα
1662 2725 1905 2803 ἔρδεσκε.

212 2812 399 2876 34Ἐς
435 2812 638 2887 ταύτην
686 2811 758 2872 ὧν
797 2812 901 2887 τὴν
947 2812 1122 2886 ἀκτὴν
1169 2814 1230 2882 ἐξ
1272 2811 1523 2888 Ἀβύδου
1566 2812 1907 2889 ὄρμεῶμενοι

307 2900 614 2979 ἐγεφύρουν
664 2904 816 2959 τοῖσι
862 2899 1215 2974 προσεκέετο,
1265 2898 1369 2973 τήν
1420 2902 1524 2975 μὲν
1576 2900 1907 2959 λευκολίνου

308 2989 568 3055 Φοίνικες,
617 3012 720 3061 την
773 2985 817 3043 δ’
865 2986 1052 3060 ἑτέρην
1106 2985 1210 3060 τὴν
1254 2986 1541 3061 βυβλίνην
1588 2986 1905 3066 Αἰγύπτιοι·

311 3074 430 3131 ἔστι
465 3074 524 3130 δὲ
560 3072 698 3131 ἔπη-οὶ
735 3070 954 3129 στάδιοι
993 3071 1054 3140 ἐξ
1086 3070 1339 3148 Ἀβύδου
1383 3077 1438 3133 ἐς
1476 3071 1583 3146 τὴν
1618 3071 1905 3130 ἀπαντίον.

218 3158 290 3211 35
311 3160 426 3215 Καὶ
451 3157 519 3231 δὴ
547 3158 868 3235 ἐζευγμένου
909 3161 1008 3215 τοῦ
1049 3156 1245 3233 πόρου,
1274 3157 1659 3236 ἐπιγενόμενος
1695 3181 1910 3234 χειμων·

309 3242 485 3320 μέγας
524 3242 799 3316 συνέκοψέ
835 3266 896 3299 τε
938 3246 1119 3301 ἐκεῖνα
1147 3242 1329 3301 πάντα
1358 3244 1449 3301 καὶ
1476 3244 1719 3303 διέλυσε·
1761 3241 1833 3305 ὥς
1858 3242 1906 3303 δ’
