2192 3409
285 44 583 111 «103-107]
948 46 1256 95 οτΡΑΝΙΑ.
1803 52 1886 105 261

302 125 454 202 παρὰ
480 124 589 206 γοὶρ
615 127 770 185 τοῖσι
793 123 1150 203 βαρβάροισι
1174 122 1492 202 τιμιώτεροί
1515 126 1625 185 εἶσι
1645 126 1698 185 οἱ
1721 123 1900 186 εὐνοῦ-

299 238 413 291 χοι,
441 213 869 287 πίστιοςεῖνεκα
893 215 993 287 τῆς
1017 210 1222 287 πάσης,
1251 214 1360 271 τῶν
1381 212 1656 289 ἐνορχίων·
1689 211 1901 275 ἄλλους

300 325 363 359 τε
400 298 468 375 δή
496 299 528 359 ὁ
556 301 862 363 Πανιώνιος
895 299 1122 374 ἐξέταμε
1155 298 1420 367 πολλοῦς,
1449 298 1545 359 ἅτε
1577 301 1899 377 ποιεύμενος

303 390 363 445 ἐκ
387 385 586 446 τούτου
612 387 715 463 τὴν
741 387 888 463 ζόην,
920 386 1010 445 καὶ
1036 385 1105 462 δή
1134 386 1225 445 καὶ
1243 389 1458 446 τοῦτον·
1501 387 1592 445 καὶ
1613 386 1679 446 οὗ
1698 386 1808 467 γὰρ
1828 388 1901 447 ταῖ

300 474 484 535 πάντα
528 474 825 553 ἐδυστύχεε
860 474 891 535 ὁ
934 472 1286 552 Ἑρμότιμος,
1331 473 1646 535 ἀπικνέεται
1690 479 1751 535 ἐκ
1791 479 1899 535 τῶν

302 563 549 640 Σαρδίων
588 563 742 639 παρὰ
782 561 1036 639 βασιλέα
1070 560 1190 639 μετ’
1218 560 1410 621 ἄλλων
1445 562 1646 639 δώρων·
1693 563 1899 643 χρόνου

301 649 361 709 δὲ
387 650 693 727 προϊόντος,
721 650 941 710 πάντων
964 654 1075 711 τῶν
1096 648 1368 729 εὐνούχων
1390 650 1623 728 ἐτιμήθη
1638 650 1898 729 γμάλιστα

300 736 453 812 παρὰ
498 737 700 817 Ξέρξῃ.
782 738 878 799 Ὡς
915 738 973 797 δὲ
1008 737 1073 797 τὸ
1113 736 1432 814 στράτευμα
1467 736 1533 797 τὸ
1571 740 1857 816 Περσικόν
1878 740 1991 799 106

300 822 448 900 ὅρμα
488 824 520 884 ὁ
559 825 837 902 βασιλεῦς
871 828 962 884 ἐπὶ
990 824 1091 887 τὰς
1122 823 1366 899 Ἀθήνας
1403 825 1504 886 ε’ὢν
1548 831 1606 885 ἐν
1647 826 1898 903 Σάρδισι,

303 913 541 971 ἐνθαῦτα
579 914 831 990 καταβὰς
868 912 1009 972 κατσῖ
1048 911 1116 987 δή
1153 938 1208 971 τι
1243 915 1477 994 πρῆγμα
1503 910 1535 971 ό
1561 912 1897 991 Ἑρμότιμος

266 1048 291 1060 ,
304 1003 357 1061 ἐς
381 1003 489 1079 γῆν
513 999 615 1075 τήν
636 1002 883 1076 Μυσίην,
904 1000 1009 1077 τήν
1028 1003 1162 1059 Χῖοι
1180 1000 1282 1077 μὲν
1303 1000 1578 1075 νέμονται,
1606 999 1898 1079 Ἀταρνεῦς

302 1086 362 1143 δὲ
393 1088 665 1157 καλέεται,
698 1088 951 1169 ἐὑρίσκει
989 1086 1089 1149 τόν
1131 1087 1438 1147 Πανιώνιον
1487 1089 1740 1147 ἐνθαῦτα·
1784 1094 1896 1148 ἐπι-

300 1173 466 1253 γνοῦς
518 1174 576 1233 δὲ
628 1176 786 1258 ἔλεγε
839 1176 978 1254 πρὸς
1032 1174 1200 1236 αὐτὸν
1239 1174 1490 1238 πολλοῦς
1533 1175 1625 1233 καὶ
1672 1176 1897 1251 φιλίους

300 1260 521 1343 λόγους,
577 1268 771 1341 πρῶτα
822 1265 926 1342 μέν
974 1266 1027 1323 οἱ
1081 1262 1402 1343 καταλέγων
1455 1262 1566 1323 ὅσα
1619 1261 1782 1327 αὗτός
1827 1264 1895 1324 δι’

302 1354 507 1411 ἐκεῖνον
530 1353 679 1431 ,ἔχοι
734 1351 936 1432 οἷγαθιὶ,
980 1350 1208 1427 δεύτερα
1256 1350 1318 1409 δέ
1364 1354 1416 1410 οἱ
1459 1348 1898 1431 ὑπισχνεύμενος

300 1434 421 1500 οἷντὶ
472 1439 681 1499 τούτων
725 1466 837 1499 οσα
887 1464 983 1515 μιν
1032 1438 1220 1519 ἀγαθά
1263 1438 1505 1513 ποιήσει,
1551 1437 1620 1514 ἢν
1663 1439 1894 1517 κομισά-

300 1550 464 1600 μενος
493 1552 621 1589 τους
652 1527 865 1591 οἰκέτας
898 1528 1047 1605 οἰκέῃ
1084 1528 1280 1606 ἐκείνῃ·
1323 1526 1468 1587 ὥστε
1493 1526 1898 1605 υποδεξάμενον

302 1610 547 1689 ἅσμενον
592 1640 721 1677 τους
772 1614 977 1695 λόγους
1028 1641 1128 1675 τον
1184 1612 1509 1686 Πανιώνιον,
1549 1616 1781 1693 κομίσαι
1824 1643 1896 1676 τα

299 1701 465 1759 τέκνα
520 1702 613 1761 καὶ
664 1701 767 1778 τὴν
807 1706 1058 1783 γυναῖκα·
1123 1702 1194 1767 ὦς
1239 1703 1378 1761 δὲ’
1341 1730 1450 1780 αρα
1499 1704 1770 1784 πανοικίῃ·
1801 1730 1898 1782 μιν

300 1788 627 1866 περιέλαβε,
676 1791 833 1871 ἔλεγε
878 1790 910 1851 ὅ
949 1790 1285 1870 Ἑρμότιμος
1328 1790 1478 1851 τάδε·
1534 1803 1568 1827 “
1586 1790 1629 1851 ὧ
1680 1792 1898 1853 πάντων

302 1873 511 1953 ἀνδρῶν
536 1876 643 1953 ἤδη
667 1877 925 1954 μάλιστα
940 1878 1033 1938 ἀπ’
1052 1880 1223 1962 ἔργων
1243 1878 1626 1959 ἀνοσιωτάτων
1646 1881 1746 1941 τόν
1764 1881 1898 1957 βίον

302 1964 629 2040 κτησάμενε,
656 1967 719 2027 τί
738 1969 807 2027 σὲ
835 1966 942 2047 ἐγῶ
974 1967 1149 2027 κακόν.
1177 1965 1213 2043 ἢ
1251 1966 1415 2031 airas
1443 1964 1478 2043 ἢ
1504 1972 1614 2027 τῶν
1641 1972 1785 2045 ἐμῶν
1817 1994 1898 2029 τις

302 2053 581 2134 ἐργάσατο
615 2054 655 2132 ἢ
693 2058 779 2129 σὲ,
818 2053 854 2131 ἦ
882 2058 992 2115 τῶν
1020 2060 1138 2115 σῶν
1164 2081 1304 2125 τινα,
1350 2056 1436 2115 ὅτι
1462 2082 1533 2132 με
1561 2055 1673 2115 ἀντ’
1703 2056 1898 2133 ἀνδρὸς

302 2142 569 2215 ἐποίησας
607 2142 675 2201 τὰ
715 2142 889 2217 μηδὲν
931 2142 1095 2209 εἷναι;
1148 2141 1356 2203 ἐδόκεές
1394 2166 1456 2199 τε
1499 2142 1656 2205 θεοὺς
1702 2143 1902 2219 λήσειν

304 2228 395 2285 οἶα
442 2232 697 2303 ἐμηχανῶ
740 2226 886 2287 τότε·
947 2228 1006 2285 οἶ
1038 2252 1108 2285 σε
1145 2227 1460 2301 ποιήσαντα
1495 2227 1714 2299 ἀνόσια,
1753 2231 1901 2308 νόμῳ

305 2312 491 2391 δικαίῳ
517 2312 836 2389 χρεώμενοι,
864 2312 1157 2393 ὑπήγαγον
1185 2319 1240 2375 ἐς
1265 2315 1434 2390 χέρας
1453 2314 1552 2375 τοὶς
1578 2315 1728 2391 ἐμοῖς,
1761 2316 1903 2375 ὥστε

304 2426 374 2475 σε
399 2400 479 2476 μή
504 2399 843 2477 μέμψασθαι
874 2400 975 2476 τὴν
1002 2400 1096 2459 ἀπ’
1127 2401 1256 2477 ἐμέο
1284 2425 1371 2458 τοι
1399 2401 1672 2477 ἐσομένην
1699 2400 1901 2478 δίκην.”

306 2487 376 2551 ὥς
417 2487 479 2547 δέ
514 2514 567 2547 οι
602 2491 777 2547 ταῦτα
821 2486 1086 2559 ωνείδισε,
1131 2487 1410 2567 ἀχθέντων
1449 2512 1558 2547 των
1600 2488 1808 2547 παίδων
1849 2494 1902 2553 ἐς

304 2575 447 2654 ὄψιν,
486 2575 823 2657 ἠναγκάζετο
866 2576 897 2637 o‘
941 2575 1248 2639 Πανιώνιος
1287 2579 1396 2635 τῶν
1437 2578 1640 2636 εωυτοῦ
1675 2576 1884 2635 παίδωι
1886 2623 1901 2646 ,

303 2665 587 2741 τεσσέρων
622 2664 835 2739 ἐόντων,
874 2665 945 2725 τοὶ
982 2667 1164 2725 αιδοῖα
1199 2662 1558 2741 ἀποτάμνειν·
1603 2663 1901 2745 ἀναγκαζό-

301 2779 467 2829 μενος
492 2753 551 2812 δὲ
580 2753 761 2813 ἐποίεε
780 2757 972 2812 ταῦτα·
1018 2752 1186 2813 αὐτοῦ
1205 2778 1284 2823 τε,
1306 2752 1376 2817 ὥς
1401 2755 1577 2813 ταῦτα
1605 2753 1900 2835 ἐργάσατο,

306 2845 361 2900 οἱ
385 2842 576 2903 παῖδες
612 2839 1047 2921 ἀναγκαζόμενοι
1080 2840 1415 2919 ἀπέταμνον·
1459 2842 1770 2903 Πανιώνιον
1799 2843 1903 2918 μέν

306 2954 401 2987 νυν
428 2927 568 2989 οὕτω
594 2922 927 3005 περιῆλθε”
890 2955 931 3003 η
952 2954 1014 2989 τε
1040 2930 1188 2993 τίσις
1215 2931 1306 2989 καὶ
1334 2958 1364 2991 ο
1390 2930 1746 3009 Ἑρμότιμος.

380 3017 592 3129 Ξέρξης
626 3016 685 3075 δὲ
719 3016 788 3081 ὦς
823 3043 953 3080 τους
992 3018 1194 3082 παῖδας
1233 3017 1574 3099 Ἀρτεμισίῃ
1593 2994 1861 3097 ἐπέτρεψε
1883 3020 1996 3079 107

307 3102 540 3185 ἀπάγειν
568 3110 622 3167 ἐς
638 3103 913 3191 Ἔφεσον,
943 3106 1190 3169 καλέσας
1215 3106 1535 3183 Μαρδόνιον
1563 3108 1783 3168 ἐκέλευέ
1805 3133 1902 3214 μιν

306 3216 422 3320 ’Πίῗ
446 3190 712 3316 στὲἰατιῆς
753 3192 1029 3271 διαλέγειν
1072 3193 1202 3257 τούς
1239 3194 1528 3269 βούλεται,
1568 3196 1658 3253 καὶ
1698 3196 1903 3253 ποιέειν

2176 341 2188 415 ff...

2097 3278 2188 3345 Δ
