2192 3409
270 122 363 169 268
866 120 1235 169 'HPOAO'I'O'I'
1683 119 1872 185 [VIII.

277 224 438 260 σντας
492 197 773 273 ἐκπηδέειν
826 201 880 259 ἐς
932 197 1035 273 τήν
1088 197 1410 256 θάλασσαν·
1469 196 1562 255 καὶ
1611 196 1717 272 τήν
1769 203 1874 274 νῆᾳ

274 286 789 361 ἐπικουφισθεῖσαν,
819 285 959 345 οὕτω
980 285 1049 359 δὴ
1071 284 1434 360 ἀποσωθῆναι
1457 288 1512 347 ἐς
1531 284 1636 359 τήν
1653 284 1874 362 Ἀσίην·

276 373 346 435 ὥς
382 374 441 431 δὲ
478 375 713 449 ἐκβῆναι
740 371 986 452 τάχιστα.
1022 378 1076 434 ἐς
1111 376 1220 452 γῆν
1253 370 1354 431 τᾶν
1383 373 1610 448 Ξέρξεα,
1639 377 1877 448 ποιῆσαι

275 459 504 519 τοιόνδε·
554 460 640 520 ὅτι
670 463 773 537 μὲν
806 462 986 519 ἔσωσε
1020 459 1296 536 βασιλέος
1326 459 1429 535 τὴν
1465 459 1668 538 ψυχὴν,
1707 461 1877 537 δωρή-

280 549 496 607 σασθαι
536 548 751 624 χρυσέῃ
804 547 1061 626 στεφάνῃ
1101 546 1205 606 τόν
1247 547 1626 623 κυβερνήτεα·’
1687 548 1773 607 ὅτι
1817 550 1880 608 δὲ

280 635 546 711 Περσέων
570 635 825 699 πολλοὺς
850 633 1125 708 ἀπώλεσε,
1157 634 1464 711 ἀποταμεῖν
1487 633 1594 710 τήν
1622 637 1880 711 κεφαλὴν

188 725 299 781 119
320 722 507 781 αὐτοῦ.
594 720 775 785 Οὗτος
816 723 876 781 δὲ
915 722 1094 785 ἄλλος
1133 723 1358 802 λέγεται
1398 721 1570 801 λόγος
1609 724 1738 799 περὶ
1775 729 1879 783 τοῦ

279 809 493 886 Ξέρξεω
528 808 750 879 νόστου,
788 807 1037 885 σῦδαμῶς
1069 811 1256 889 ἔμοιγε
1286 808 1504 878 πιστὸς,
1533 808 1659 868 οὔτε
1690 809 1882 874 ἄλλως

279 896 406 957 οὔτε
449 896 515 958 τὸ
566 898 832 976 Περσέων
877 902 1045 957 τοῦτο
1088 896 1284 959 πάθος·
1347 900 1396 954 εἰ
1435 896 1545 976 γὰρ
1589 896 1658 972 δὴ
1702 902 1880 957 ταῦτα

280 985 420 1063 οὕτω
474 986 657 1063 εἰρέθη
710 991 770 1045 ἐκ
811 989 913 1045 τοῦ
966 983 1311 1061 κυβερνήτεω
1363 983 1504 1059 πρὸς
1549 984 1774 1060 Ξέρξεα,
1819 990 1880 1045 ἐν

279 1074 513 1153 μυρίῃσι
538 1074 795 1156 γνώμῃσι
826 1075 961 1150 μίαν
996 1072 1095 1132 οὐκ
1130 1074 1236 1151 ἔχω
1273 1071 1542 1142 ἀντίξοον,
1571 1070 1652 1148 μὴ
1687 1073 1784 1131 οὔκ
1810 1072 1882 1133 ἂν

280 1166 516 1238 ποιῆσαι
556 1164 811 1238 βασιλέα
849 1161 1080 1221 τοιόνδε·
1163 1156 1312 1222 τούς
1329 1162 1432 1235 μὲν
1473 1164 1534 1219 ἐκ
1573 1164 1674 1219 τοῦ
1716 1187 1879 1221 κατα-

282 1252 608 1328 στρώματος
678 1248 1067 1327 καταβιβάσαι
1129 1254 1184 1312 ἐς
1251 1248 1447 1323 κοίλην
1505 1252 1629 1324 νῆα,
1692 1249 1881 1313 ἐόντας

282 1330 513 1415 Πέρσας
541 1340 635 1398 καὶ
658 1339 927 1415 Περσέων
964 1336 1092 1399 τοῦς
1127 1336 1390 1414 πρώτους,
1423 1340 1533 1395 τῶν
1565 1336 1610 1395 δ’
1637 1338 1878 1413 ἐρετέων,

284 1425 481 1485 ἐόντων
528 1427 810 1497 Φοινίκων,
856 1424 993 1487 ὅκως
1035 1422 1136 1483 οὖκ
1181 1421 1272 1483 ἂν·
1297 1424 1425 1483 ἴσον
1443 1436 1448 1441 ’
1467 1424 1690 1499 πλῆθος
1726 1428 1880 1485 τοῖσι

284 1515 549 1593 Πέρσῃσι
592 1514 833 1590 ἐξέβαλε
874 1517 929 1575 ἐς
966 1511 1070 1586 τὴν
1111 1511 1432 1572 θάλασσαν.
1515 1510 1646 1570 ἀλλ’
1688 1512 1719 1572 ὅ
1759 1514 1878 1590 μὲν,

284 1599 355 1663 ὥς
401 1602 493 1659 καὶ
532 1602 802 1679 πρότερον
853 1602 1078 1677 εἴρηται,
1126 1599 1234 1679 ὁδῷ
1275 1598 1597 1677 χρεώμενος,
1646 1598 1764 1676 ἅμα
1805 1605 1884 1680 τῷ

191 1688 306 1747 120
323 1684 481 1765 ἄλλῳ
522 1693 745 1767 στρατῷ
782 1687 1138 1763 ἀπενόστησε
1181 1692 1236 1749 ἐς
1269 1687 1374 1762 τήν
1409 1686 1629 1763 Ἀσίην.
1712 1688 1882 1768 Μέγα

282 1772 342 1832 δὲ
383 1774 474 1832 καὶ
512 1773 639 1833 τόδε
678 1775 999 1852 μαρτύριον·
1044 1776 1302 1851 φαίνεται
1332 1773 1442 1855 γὰρ
1479 1775 1690 1851 Ξέρξης
1717 1780 1775 1835 ἐν
1808 1780 1882 1855 τῇ

283 1860 467 1920 ὀπίσω
494 1862 693 1939 κομιδῇ
718 1861 1050 1938 ἀπικόμενος
1076 1866 1133 1926 ἐς
1157 1860 1440 1937 Ἄβδηρα,
1470 1862 1561 1919 καὶ
1588 1863 1797 1937 ’ξεινίην
1820 1866 1887 1921 τέ

284 1954 395 2023 σφι
422 1949 771 2024 συνθέμενος,
802 1949 893 2007 καὶ
920 1948 1310 2026 δωρησάμενος
1343 1947 1540 2013 αὐτους
1565 1948 1794 2028 α’κινοῖκῃ
1819 1976 1883 2009 τε

284 2037 503 2116 χρυσέῳ
524 2036 617 2095 καὶ
634 2035 799 2115 τιήρῃ
818 2062 1220 2115 χρυσοπαστῳ·
1254 2038 1346 2095 καὶ
1373 2036 1444 2099 ὦς
1471 2036 1628 2096 αὗτοὶ
1649 2038 1882 2118 λέγουσι

281 2124 629 2202 Ἀβδηρῖται,
652 2126 956 2205 λέγοντες’
931 2124 1059 2201 εμοί
1080 2149 1147 2205 γε
1174 2123 1426 2201 οὐδαμῶς
1444 2124 1637 2198 πιστοὶ,
1661 2129 1883 2202 πρῶτον

286 2210 529 2272 ἐλύσατο
566 2238 671 2287 την
706 2212 879 2288 ζωνην
914 2210 1135 2293 φεύγων
1178 2212 1242 2281 ἐξ
1271 2211 1613 2287 Ἀθηνέων’
1581 2213 1779 2281 οπίσω,
1812 2240 1884 2277 ως

286 2304 344 2359 ἐν
368 2299 521 2380 ἀδείῃ
554 2300 673 2361 ἐών·
712 2300 785 2360 τὰ
826 2300 887 2359 δὲ
907 2299 1174 2377 Ἀβδηρα
1209 2300 1421 2376 ἵδρυται
1458 2298 1598 2377 πρός
1629 2304 1730 2359 τοῦ
1753 2299 1883 2358 Ἐλ-

288 2389 614 2462 λησπόντου
640 2392 868 2466 μᾶλλον
892 2387 929 2465 ἢ
955 2390 1055 2447 τοῦ
1074 2386 1393 2462 Στρυμόνος
1413 2388 1504 2446 καὶ
1523 2391 1624 2462 τῆς
1641 2386 1882 2456 Ἠἵόνος,

285 2474 415 2533 ὅθεν
440 2475 510 2549 δή
535 2502 633 2552 μιν
660 2477 808 2552 φασὶ
836 2476 1100 2551 ἐπιβῆναι
1129 2474 1221 2532 ἐπὶ
1245 2473 1349 2549 τὴν
1373 2478 1498 2549 νῆα.

194 2562 303 2619 121
410 2565 484 2620 Οἱ
514 2562 586 2621 ’δὲ
614 2562 909 2638 Ἕλληνες,
961 2563 1086 2621 ἐπεί
1125 2586 1189 2620 τε
1231 2558 1329 2619 οὐκ
1380 2562 1493 2620 οἶοί
1527 2586 1589 2621 τε
1631 2562 1887 2642 ἐγένοντο

287 2648 521 2715 ἐξελέειν
558 2648 664 2723 τήν
690 2648 948 2725 Ἀνδρον,
979 2648 1316 2725 τραπόμενοι
1358 2653 1413 2711 ἐς
1453 2648 1754 2725 Κάρυστον
1794 2651 1887 2708 καὶ

286 2731 621 2805 δηῖῶσαντες
674 2734 852 2795 αὐτῶν
902 2736 1007 2810 τὴν
1068 2735 1269 2813 χώρην,
1327 2733 1778 2795 ἀπαλλάσσοντο
1833 2743 1887 2799 ἐς

287 2819 597 2892 Σαλαμῖνα.
684 2824 874 2895 πρῶτα
924 2822 1029 2897 μέν
1082 2846 1178 2880 νυν
1230 2824 1384 2879 τοῖσι
1437 2822 1618 2881 θεοῖσι
1673 2823 1886 2891 ἐξεῖλον

285 2902 571 2977 οἷκροθίνια
624 2904 776 2963 ἄλλα
827 2930 889 2965 τε
936 2908 1029 2965 καὶ
1072 2906 1328 2983 τριήρεας
1369 2911 1516 2985 τρεῖς
1557 2910 1884 2972 Φοινισσας·

284 3012 389 3060 την
426 2992 529 3063 μὲν
570 2995 625 3051 ἐς
661 2990 897 3067 Ἰσθμον
936 2992 1299 3063 ἀναθεῖναι,
1261 3018 1407 3069 ηπερ
1446 2995 1525 3052 ἔτι
1562 2995 1654 3052 καὶ
1695 3000 1750 3057 ἐς
1789 3000 1888 3072 ἐμὲ

286 3071 375 3144 ἦν·
414 3098 519 3147 την
552 3076 611 3133 δὲ
648 3076 740 3133 ἐπὶ
778 3078 1026 3139 Σουνιον·
1066 3103 1172 3152 την
1207 3079 1266 3137 δὲ
1299 3084 1378 3157 τῷ
1404 3080 1600 3140 Αἴαντι
1632 3080 1804 3140 αυτοῦ
1834 3088 1888 3145 ἐς

289 3157 601 3224 Σαλαμῖνα·
639 3160 781 3235 μετὰ
804 3161 865 3219 δὲ
889 3168 1055 3223 τοῦτο
1087 3164 1418 3224 διεδάσαντο
1451 3166 1558 3239 τήν
1582 3167 1764 3241 ληΐην,
1797 3171 1888 3227 καὶ

286 3238 359 3294 τοὶ
422 3240 707 3315 ἀκροθίνια
771 3244 1108 3325 ἀπέπεμψαν
1174 3254 1230 3312 ἐς
1296 3250 1578 3328 Δελφούς·
1647 3258 1710 3311 ἐκ
1776 3259 1886 3315 τῶν
