2192 3409
268 114 361 162 192
876 113 887 131 “
898 110 1246 159 ΗΡΟΔΟΤΟΤ
1705 108 1866 173 [VII.

170 190 285 251 173
302 215 425 249 τινα
441 189 719 265 σωτηρίην
737 187 1204 267 μηχανεῶμενοι.”
1245 191 1420 248 ταῦτα
1437 188 1634 268 ἔλεγον
1650 191 1703 247 οἱ
1723 196 1870 249 Θεσ-

262 278 454 337 σαλοί.
538 279 611 335 Οἱ
651 276 710 337 δὲ
736 275 1014 352 Ἕλληνες
1052 276 1194 353 πρός
1232 280 1406 335 ταῦτα
1449 275 1869 352 ἐβουλεύσαντο

264 370 320 428 ἐς
356 365 686 439 Θεσσαλίην
718 364 957 440 πέμπειν
996 364 1136 423 κατοὶ
1171 361 1475 423 θάλασσαν
1501 363 1672 433 πεζὸν
1699 390 1868 442 στρα-

260 452 374 524 τόν,
414 450 739 527 φυλάξοντα
777 444 881 526 τῆν
919 451 1195 527 ἐσβολήν.
1280 450 1350 513 ὥς
1385 450 1446 509 δὲ
1477 452 1794 529 συνελέχθη
1837 454 1870 511 ὁ

262 541 519 616 στρατὸς,
592 540 755 597 ἔπλεε
809 538 875 596 δι’
931 538 1198 615 Εὐρίπου·
1267 537 1600 615 ἀπικόμενος
1657 538 1715 596 δὲ
1767 544 1872 614 τῆς

260 626 512 704 Ἀχαιίης
551 631 607 688 ἐς
631 624 829 695 Ἀλον,
858 623 1081 701 α’ποβιὶς
1120 625 1412 704 ἐπορεύετο
1440 632 1494 688 ἐς
1520 628 1867 703 Θεσσαλίην,

261 714 361 775 τὰς
386 714 510 775 νέας
530 713 698 773 αὐτοῦ
725 712 1061 773 καταλιπών·
1107 714 1198 771 καὶ
1226 713 1456 773 ἀπίκετο
1478 719 1533 776 ἐς
1551 712 1624 772 τὰ
1642 714 1868 790 Τέμπεα

270 806 325 863 ἐς
356 800 460 876 τὴν
493 800 767 876 ἐσβολὴν,
801 799 943 878 ἥπερ
976 800 1087 860 α’πὸ
1121 802 1470 876 Μακεδονίης
1503 805 1604 877 τῆς
1641 800 1786 860 κάτω
1813 807 1869 863 ἐς

262 889 593 963 Θεσσαλίην
630 890 788 965 φέρει
821 888 975 964 παρὰ
1000 888 1244 963 Πηνειόν
1272 888 1543 964 ποταμὸν,
1572 889 1779 964 μεταξί
1807 890 1870 948 δὲ

264 975 573 1053 Οὐλύμπου
598 1002 661 1037 τε
689 974 877 1053 οὔρεος
905 973 1065 1034 ἐόντα
1092 976 1184 1034 καὶ
1209 980 1311 1051 τῆς
1325 974 1574 1051 Ὄσσης.
1633 976 1867 1035 ἐνθαῦτα

262 1064 793 1141 ἐστρατοπεδεύοντο
828 1066 939 1123 τῶν
968 1062 1260 1139 Ἑλλήνων
1287 1064 1428 1123 κατὰ
1455 1064 1680 1141 μυρίους
1705 1063 1865 1123 ὁπλῖ-

260 1177 352 1210 ται
386 1154 772 1234 συλλεγέντες·
816 1152 913 1210 καί
944 1158 1057 1226 σφι
1092 1156 1316 1229 προσῆν
1342 1151 1381 1226 ἦ
1408 1154 1517 1211 τῶν
1549 1156 1866 1211 Θεσσαλῶν

264 1240 448 1303 ἵππος·
494 1239 831 1321 ἐστρατήγεε
868 1240 926 1298 δὲ
963 1238 1410 1315 Λακεδαιμονίων
1441 1241 1545 1315 μὲν
1571 1238 1865 1302 Εὐαίνετος

264 1324 297 1384 ὅ
326 1326 585 1403 Καρήνου
624 1333 683 1385 ἐκ
719 1332 829 1386 τῶν
865 1326 1242 1405 πολεμάρχων
1268 1325 1650 1403 ἀραιρημένος,
1678 1328 1866 1407 γένεος

263 1414 454 1489 μέντοι
494 1414 595 1473 ἐιᾶν
633 1414 697 1473 οὗ
729 1418 833 1474 τοῦ
867 1412 1197 1490 βασιληίου,
1225 1411 1534 1489 Ἀθηναίων
1561 1414 1620 1472 δὲ
1655 1420 1862 1490 Θεμισ-

262 1502 495 1576 τοκλέης
548 1501 583 1561 ὃ
634 1501 933 1564 Νεοκλέος.
1018 1503 1236 1577 ἔμειναν
1291 1502 1350 1559 δὲ
1402 1501 1602 1580 ὀλίγας
1656 1501 1866 1578 ἡμέρας

265 1588 517 1647 ἐνθαῦτα·
559 1588 885 1664 ἀπικόμενοι
910 1586 1033 1671 γαῖρ,
1050 1588 1287 1668 ἄγγελοι
1312 1586 1466 1664 παρά
1493 1587 1864 1666 Ἀλεξάνδρου

260 1677 362 1733 τοῦ
387 1673 679 1750 Ἀμύντεω,
712 1675 907 1752 ἀνδρὸς
944 1676 1283 1747 Μακεδόνος,
1313 1675 1726 1751 συνεβούλευόν
1752 1683 1864 1751 σφι

264 1760 764 1832 ἀπαλλάσσεσθαι,
790 1764 931 1838 μηδὲ
962 1763 1229 1838 μένοντας
1261 1766 1318 1823 ἐν
1347 1767 1420 1841 τῇ
1447 1764 1674 1841 ἐσβολῇ
1701 1788 1863 1821 κατα-

263 1849 577 1923 πατηθῆναι
612 1846 723 1907 ὑπὸ
755 1854 855 1909 τοῦ
896 1854 1143 1925 στρατοῦ
1177 1849 1444 1913 ἐπιόντος·
1501 1850 1864 1925 σημαίνοντες

264 1935 331 1995 ro*
356 1936 575 2009 πλῆθός
599 1960 661 1995 τε
685 1940 786 2011 ’ὑῆς
812 1941 1081 2013 στρατιῆς
1108 1937 1201 1997 καὶ
1227 1936 1326 2000 τὰς
1351 1938 1494 1999 νέας·
1531 1936 1600 1998 ὥς
1627 1936 1685 1995 δὲ
1711 1934 1868 1996 οὗτοί

264 2028 377 2097 σφι
402 2026 575 2081 ταῦτα
602 2022 1030 2100 συνεβούλευον,
1060 2024 1306 2103 (χρηστὰ
1341 2022 1450 2103 γοὶρ
1478 2022 1696 2082 ἐδόκεον
1721 2050 1864 2099 συμ-

260 2108 569 2185 βουλεύειν,
601 2112 696 2169 καί
717 2117 830 2187 σφι
858 2110 1041 2173 εὔνοος
1070 2113 1328 2187 ἐφαίνετο
1357 2109 1459 2169 ἐῶν
1487 2108 1520 2169 ὁ
1547 2109 1862 2188 Μακεδών)

266 2198 568 2258 ἐπείθοντο·
610 2199 818 2259 δοκέειν
849 2199 911 2258 δέ
933 2225 1048 2275 μοι,
1078 2198 1316 2276 οἷρρωδίη
1348 2198 1420 2275 ἦν
1451 2197 1518 2257 τδ
1553 2197 1761 2267 πεῖθον,
1792 2196 1864 2260 ὥς

266 2284 534 2346 ἐπύθοντο
568 2288 659 2345 καὶ
694 2286 881 2362 ἄλλην
917 2292 1123 2346 ἐοῦσαν
1163 2286 1422 2362 ἐσβολὴν
1449 2292 1504 2349 ἐς
1530 2284 1864 2347 Θεσσαλοΰς

267 2374 405 2433 scau-d
454 2373 559 2449 τήν
610 2373 721 2435 ἅνω
783 2374 1135 2451 Μακεδονίην
1189 2374 1277 2432 διὰ
1333 2375 1671 2451 Περραιβῶν
1725 2376 1864 2431 κατὰ

200 2478 205 2483 “
266 2461 471 2522 Γόννον
504 2462 693 2522 πόλιν·
744 2466 921 2541 τῇπερ
960 2461 1027 2537 δὴ
1070 2462 1162 2520 καὶ
1203 2462 1452 2536 ἐσέβαλε
1483 2460 1522 2536 ἤ
1556 2459 1796 2538 στρατιὴ
1825 2458 1866 2535 ἦ

265 2548 498 2624 Ξέρξεω·
548 2549 893 2625 καταβάντες
930 2548 989 2607 δὲ
1036 2551 1089 2608 οἶ
1123 2547 1404 2623 Ἕλληνες
1445 2548 1536 2607 ἐπὶ
1577 2548 1678 2610 τοὶς
1725 2547 1864 2616 νέας,

174 2634 288 2694 174
307 2633 489 2693 ὀπίσω
516 2634 843 2714 ἐπορεύοντο
871 2641 926 2699 ἐς
948 2635 1051 2696 τᾶν
1075 2634 1329 2719 Ἰσθμόν.
1399 2635 1554 2710 Αὕτη
1585 2636 1800 2715 ἐγένετο
1826 2631 1864 2709 ἦ

268 2724 323 2780 ἐς
374 2723 702 2797 Θεσσαλίην
756 2724 1046 2799 στρατηΐη,
1101 2722 1382 2797 βασιλέος
1441 2748 1503 2782 τε
1556 2724 1869 2798 μέλλοντος

268 2804 575 2878 διαβαίνειν
602 2813 657 2869 ἐς
680 2808 783 2883 τὴν
818 2809 1091 2885 Εὐρώπην
1119 2814 1178 2867 ἐκ
1203 2812 1304 2883 τῆς
1327 2808 1528 2883 Ἀσίης
1556 2810 1647 2866 καὶ
1686 2808 1870 2869 ἐόντος

265 2888 370 2963 ἤδη
412 2895 470 2949 ἐν
508 2890 749 2972 Ἀβύδῳ·
795 2895 1089 2952 Θεσσαλοὶ
1131 2894 1190 2953 δὲ
1235 2897 1600 2970 ἐρημωθέντες
1648 2894 1868 2970 συμμά-

267 3002 398 3052 χων,
426 2976 567 3037 οὕτω
588 2979 655 3053 δὴ
677 2980 950 3055 ἐμήδισαν
969 2979 1264 3056 προθύμως
1283 2981 1396 3039 οὐδ’
1418 2983 1498 3040 ἔτι
1519 2982 1868 3042 ἐνδοιαστῶς·

270 3060 414 3121 ὥστε
455 3068 513 3121 ἐν
550 3068 704 3123 τοῖσι
744 3065 1040 3143 πρήγμασι
1076 3067 1374 3139 ἐφαίνοντο
1406 3068 1649 3141 βασιλέϊ
1677 3066 1870 3141 ἅνδρες

272 3146 449 3208 ἐόντες
474 3150 911 3224 χρησιμώτατοι.

194 3228 211 3284 '.
221 3230 293 3287 75
394 3234 468 3290 Οἳ
492 3232 845 3308 δὲἚλληνες
871 3236 994 3291 ἐπεί
1023 3259 1085 3293 τε
1121 3236 1360 3297 ἀπίκατο
1403 3241 1457 3300 ἐς
1487 3237 1589 3299 τᾶν
1612 3235 1864 3313 Ἰσθμὸν,
