2192 3409
289 75 504 141 axz-36]
895 74 1312 128 mmmxorn:
1828 76 1910 126 15·

287 161 342 220 ἐς
367 156 434 217 τό
459 157 648 234 τεῖχος
671 154 1173 231 παρεσκευάσαντο
1192 154 1253 214 δὲ
1273 152 1346 217 οἷς
1362 152 1895 232 πολιορκησόμενοι·

286 245 378 304 καὶ
414 248 550 304 σῖτα
590 243 686 302 καὶ
722 268 872 303 ποτα
911 241 978 302 τὸ
1014 246 1201 322 τεῖχος
1241 240 1539 313 ἐσάξαντο.
1606 241 1699 300 καὶ
1738 237 1894 301 οὗτοι

285 334 386 408 μὲν
405 328 930 409 παρεσκευάδατο’
890 356 962 393 ως
986 331 1376 407 παρεσομένου
1402 334 1516 404 σφι
1540 329 1814 406 πολέμου,
1838 332 1892 388 οἳ

284 419 330 479 δ’
372 420 497 479 ἐπεί
529 444 592 479 τε
633 418 905 494 διέβαλον
945 422 1007 477 ἐκ
1045 421 1149 494 τῆς
1194 419 1338 478 Χίου
1376 442 1477 480 τας
1521 417 1647 480 νέας
1687 421 1744 480 ἐς
1788 416 1893 492 τήν

283 507 492 581 Νάξον,
521 504 666 585 πρὸς
689 506 1123 587 πεφραγμένους
1148 504 1593 582 προσεφέροντο·
1637 504 1730 563 καὶΙ
1762 508 1891 563 ἐπο-

201 653 212 661 ,
282 594 540 671 λιόρκεον
588 598 770 670 μῆνας
831 593 1130 671 τέσσερας·
1198 592 1269 657 ὦς
1319 592 1381 652 δὲ
1430 592 1503 653 τά
1554 616 1617 654 τε
1670 593 1891 672 ἔχοντες

281 680 462 756 ἦλθον
499 680 768 761 χρήματα
811 683 866 741 οἱ
909 682 1139 758 Πέρσαι
1178 684 1357 741 ταῦτα
1402 678 1892 756 καταδεδαπάνητό

281 776 393 845 σφι
419 770 512 829 καὶ
538 771 688 850 αὐτῷ
711 774 790 849 τῷ
811 767 1197 849 Ἀρισταγόρῃ
1223 770 1720 847 προσαναισίμωτο
1744 772 1887 827 πολ-

278 857 374 931 λὰ,
417 862 520 919 τοῦ
565 857 808 923 πλεῦνός
850 876 915 917 τε
968 855 1153 917 ἐδέετο
1198 856 1238 932 ἤ
1285 856 1601 933 πολιορκίη,
1650 856 1887 917 ἐνθαῦτα

277 946 466 1025 τείχεα
517 950 671 1006 τοῖσι
717 944 938 1026 φυγάσι
991 948 1104 1006 τῶν
1148 944 1374 1015 Ναξίων
1420 944 1888 1021 οἰκοδομήσαντες

279 1032 730 1094 ἀπαλλάσσοπο
758 1038 814 1098 ἐς
838 1033 944 1109 τήν
967 1031 1219 1111 ἤπειρον,
1249 1034 1428 1095 κακῶς
1454 1031 1829 1110 πρήσσοντες.

358 1120 770 1201 Ἀρισταγόρης
802 1122 862 1179 δὲ
894 1120 994 1180 οὐκ
1015 1119 1148 1199 εἶχε
1177 1118 1283 1195 τήν
1307 1118 1628 1199 ὖπόσχεσιν
1652 1123 1730 1198 τῷ
1754 1118 1883 1196 Ἀρ-
1901 1121 1977 1178 35

276 1207 546 1285 ταφέρνεῖ
581 1212 963 1286 ἐκπληρῶσαι·
1005 1206 1125 1284 ἅμα
1162 1208 1223 1267 δὲ
1254 1207 1435 1278 ἐπίεζέ
1469 1233 1567 1284 μιν
1598 1206 1635 1283 ἦ
1666 1206 1885 1282 δαπάνη

275 1297 378 1369 τῆς
407 1298 679 1372 στρατιῆς
714 1293 1105 1371 ἀπαιτεομένη,
1134 1294 1377 1373 α’ρρῶδεέ
1410 1320 1474 1355 τε
1504 1296 1605 1355 τοῦ
1638 1298 1885 1371 στρατοῦ

277 1381 587 1457 πρήξαντος
642 1386 820 1447 κακῶς
879 1384 973 1443 καὶ
1033 1382 1357 1465 Μεγαβάτῃ
1410 1382 1880 1461 διαβεβλημένος·

277 1468 463 1529 ἐδόκεέ
485 1495 548 1530 τε
565 1468 671 1545 τὴν
688 1470 1004 1548 βασιληίην
1020 1473 1123 1546 τῆς
1149 1470 1415 1545 Μιλήτου
1438 1468 1880 1547 ἀπαιρήσεσθαι·

277 1555 564 1633 ἀρρωδέων
595 1556 655 1616 δὲ
685 1557 896 1617 τούτων
927 1558 1140 1618 ἕκαστα
1175 1556 1509 1634 ἐβουλεύετο
1540 1554 1881 1618 α’πόστασιν·

277 1644 585 1705 συνέπιπτε
632 1643 743 1726 γὰρ
795 1645 890 1705 καὶ
940 1645 1040 1706 τὸν
1095 1646 1426 1725 ἐστιγμένον
1476 1644 1580 1721 τήν
1626 1645 1884 1721 κεφαλὴν

275 1729 516 1809 ἀπῖχθαι
567 1736 629 1792 ἐκ
683 1734 942 1798 Σουσέων
995 1731 1153 1811 παροὶ
1198 1732 1485 1802 Ἱστιαίου,
1532 1734 1883 1809 σημαίνοντα

275 1817 632 1882 ἀπίστασθαι
659 1820 1041 1903 Ἀρισταγόρῃ
1079 1820 1195 1881 dvx-6
1227 1820 1523 1898 βασιλέος·
1565 1820 1599 1880 ὅ
1625 1816 1737 1900 γὰρ
1765 1820 1881 1882 Ἱσ-

273 1910 467 1977 τιαῖος,
508 1907 862 1985 βουλόμενος
902 1912 980 1987 τῷ
1021 1907 1403 1989 Ἀρισταγόρῃ
1447 1912 1700 1986 σημῆναι
1742 1908 1879 1969 αἶπο-

275 1998 502 2069 στῆναι,
519 1995 709 2060 ἄλλως
733 1998 838 2074 μὲν
859 1996 1113 2073 οὐδαμῶς
1140 1995 1255 2075 εἶχε
1280 1994 1586 2071 α’σφαλέως
1613 2000 1879 2075 σημῇναι,

276 2081 424 2142 ὥστε
466 2084 952 2161 φυλασσομενέων
991 2088 1103 2145 τῶν
1142 2082 1302 2144 ὁδῶν·
1344 2082 1375 2144 6
1419 2084 1479 2143 δὲ
1520 2088 1631 2145 τῶν
1666 2084 1879 2144 δούλων

273 2170 374 2230 τόν
399 2170 744 2232 πιστότατον
765 2171 1129 2249 ἀποξυρήσας
1153 2170 1258 2247 τήν
1279 2170 1536 2248 κεφαλήν
1562 2171 1761 2246 ἔστιξε,
1784 2173 1879 2232 καὶ

275 2256 526 2335 ἀνέμεινε
561 2257 842 2335 ἀναφῦναι
869 2258 973 2322 τσῖς
1001 2259 1219 2338 τρίχας·
1262 2258 1333 2323 ὥς
1364 2259 1425 2320 δὲ
1458 2258 1753 2336 ἀνέφυσαν·
1783 2261 1878 2321 τά·

273 2371 468 2424 χιστα,
523 2346 819 2423 ἀπέπεμπε
871 2350 927 2410 ἐς
979 2347 1244 2458 Μίλῃτον
1298 2345 1681 2423 ἐντειλάμενος
1732 2346 1881 2427 αὐτῷ

273 2433 426 2493 ἄλλο
454 2434 560 2511 μὲν
591 2431 820 2504 σῦδὲν,’
791 2459 962 2495 επεαν
997 2434 1057 2495 δὲ
1090 2433 1359 2511 α’,πίκηται
1395 2438 1450 2497 ἐς
1485 2432 1765 2510 Μίλητον,
1793 2462 1877 2495 κε-

274 2520 459 2582 λεύειν
480 2520 895 2603 Ἀρισταγόρην
929 2522 1249 2601 ξυρήσαντα
1271 2546 1371 2601 μιν
1394 2548 1495 2587 τας
1518 2522 1715 2601 τρίχας
1750 2550 1876 2585 κατ-

275 2608 498 2669 ιδέσθαι
533 2614 590 2674 ἐς
611 2610 716 2686 τήν
751 2609 1025 2686 κεφαλήν·
1065 2610 1139 2671 τοὶ
1170 2610 1231 2671 δὲ
1264 2611 1551 2691 στίγματα
1589 2610 1875 2689 ἐσήμαινε,

275 2722 349 2758 ως
379 2696 474 2755 καὶ
505 2695 779 2775 πρότερόν
807 2723 906 2775 μοι
943 2699 1173 2776 εἴρηται,
1200 2696 1543 2760 απόστασιν.
1610 2704 1786 2760 ταῦτα
1817 2700 1879 2759 δὲ

275 2781 312 2843 ὁ·
347 2783 614 2851 Ἱστιαῖος
658 2786 855 2858 ἐποίεε,
897 2786 1205 2865 συμφορήν
1250 2784 1577 2862 ποιεύμενος
1620 2787 1878 2867 μεγάλην

273 2871 380 2947 τήν
421 2876 622 2933 εωυτοΰ
663 2873 908 2962 κατοχὴν
945 2873 1050 2950 τήν
1085 2879 1148 2935 ἐν
1190 2872 1485 2939 Σούσοισι·
1526 2873 1880 2937 ἀποστάσιος

277 2986 354 3019 ων
384 2963 694 3041 γινομένης,
725 2962 950 3025 πολλας
985 2961 1102 3039 εἶχε
1134 2961 1364 3025 ἐλπίδας
1393 2958 1749 3037 μετήσεσθαι
1785 2960 1877 3020 ἐπὶ

276 3047 602 3111 θάλασσαν·
633 3077 714 3128 μη
699 3050 799 3109 δὲ
824 3048 1086 3127 νεώτερόν
1110 3074 1167 3109 τι
1191 3048 1460 3123 ποιεύσης
1484 3050 1585 3123 τῆς
1611 3046 1876 3123 Μιλήτου

276 3135 557 3244 figam:
531 3165 586 3203 ες
619 3136 793 3213 αὐτην
814 3136 1029 3213 ἥξειν’
1001 3161 1081 3197 ετι
1115 3136 1417 3215 ἐλογίζετο.
1483 3134 1749 3199 Ἱστιαῖος
1770 3136 1877 3213 μέν
1892 3136 1969 3194 36

275 3250 377 3285 νυν
425 3230 602 3287 ταῦτα
655 3223 1052 3301 διανοευμενος,
1106 3218 1401 3299 ἀπέπεμπε
1451 3222 1552 3283 τόν
1610 3222 1875 3304 αγγελον·
