2192 3409
257 77 356 126 122
889 72 1258 123 ἮΡοΔοωοί·
1697 70 1850 135 [v11.

259 152 503 229 ρωτέρην
533 177 610 225 τε,
639 150 760 228 ἅμα
783 150 844 211 δὲ
867 151 1135 227 τιμωρίην
1159 175 1221 209 τε
1250 149 1341 211 καὶ
1365 149 1517 211 τίσιν
1541 151 1856 230 γινομένην·

257 240 342 300 διὰ
383 240 555 315 ὑμέας
596 242 692 299 νῦν
731 239 840 319 ἐγώ
880 239 1172 309 συνέλεξα,
1202 239 1291 298 ἵνα
1315 237 1383 297 vd
1410 238 1545 297 νοέω
1574 238 1858 314 πρήσσειν

255 327 606 404 ὑπερθέωμαι
645 326 793 403 ύμῖν.
875 327 1087 403 μέλλω,
1130 325 1321 397 ζεύξας
1358 325 1459 384 τόν
1498 324 1857 400 Ἑλλήσπον-

255 440 370 484 τον,
410 419 544 475 ἐλᾶν
585 414 833 491 στρατόν
876 414 967 473 διὰ
1009 418 1110 490 τῆς
1140 412 1412 489 Εὐρώπης
1454 413 1545 471 ἐπὶ
1584 412 1689 487 τήν
1726 413 1855 472 Ἑλ-

259 502 423 574 λάδα,
455 503 543 563 ἵνα
568 501 892 577 Ἀθηναίους
930 499 1322 577 τιμωρήσομαι
1362 499 1476 559 ὅσα
1516 500 1585 575 δὴ
1626 502 1856 577 πεποιή-

261 615 396 651 κασι
432 591 664 667 Πέρσας
696 616 758 649 τε
793 590 884 648 καὶ
918 590 1135 667 πατέρα
1172 588 1271 649 τόν
1310 587 1464 665 ἐμόν.
1548 588 1724 667 ὦρᾶτε
1752 591 1859 666 μέν

259 705 355 738 νυν
387 679 480 737 καὶ
506 682 745 755 Δαρεῖον
777 676 1002 739 ἰθύοντα
1042 676 1449 753 στρατεύεσθαι
1481 676 1572 735 ἐπὶ
1596 676 1725 741 τούς
1764 675 1856 737 ἅν-

262 766 395 843 δρας
428 766 680 830 τούτους·
723 764 855 825 ἀλλ’
887 764 920 824 ὁ
955 768 1058 841 μὲν
1094 763 1469 840 τετελεύτηκε,
1506 765 1598 823 καὶ
1635 763 1733 823 οὐκ
1775 766 1854 833 ἐξ-

258 854 476 935 εγένετό
517 857 570 913 οἶ
608 853 1056 931 τιμωρήσασθαι·
1113 852 1220 933 ἐγὼ
1262 851 1322 911 δὲ
1363 851 1503 929 ὑπέρ
1543 877 1607 913 τε
1649 852 1857 912 ἐκείνου

258 944 350 1002 καὶ
374 946 484 1002 τῶν
511 942 700 1002 ἄλλων
724 941 992 1017 Περσέων
1017 939 1082 999 ού
1110 938 1381 1017 πρότερον
1405 938 1699 1017 παύσομαι
1726 940 1857 1017 πρὶν

255 1028 292 1106 ἢ
332 1032 441 1089 ἕλω
479 1056 541 1091 τε
583 1030 674 1088 καὶ
713 1028 953 1107 πυρώσω
992 1027 1091 1091 τὰς
1124 1025 1382 1103 Ἀθήνας·
1425 1028 1485 1086 οἵ
1517 1054 1587 1108 γε
1626 1030 1723 1105 ἐμὲ
1764 1029 1857 1087 καὶ

256 1120 470 1196 πατέρα
509 1119 608 1180 τὸν
649 1118 783 1195 ἐμόν
808 1116 1059 1194 ὑπῆρξαν
1085 1115 1251 1176 ἄδικα
1280 1119 1581 1181 ποιεῦντες.
1664 1122 1855 1194 πρῶτα

258 1210 362 1283 μὲν
389 1212 443 1271 ἐς
472 1206 672 1285 Σάρδις
699 1206 953 1269 ἐλθόντες
977 1204 1096 1282 ἅμα
1120 1202 1517 1285 Ἀρισταγόρῃ,
1546 1206 1646 1284 (τῷ
1671 1209 1853 1281 Μιλη-

257 1295 378 1375 σίῳ,
411 1295 592 1374 δούλῳ
631 1294 692 1355 δὲ
733 1294 1023 1374 ἤμετέρῳ,)
1066 1290 1395 1369 ἀπικόμενοι
1440 1293 1751 1370 ἐνέπρησαν
1785 1294 1857 1353 τά

254 1408 318 1441 τε
351 1382 538 1443 ἄλσεα
579 1383 672 1441 καὶ
712 1381 782 1441 τὰ
821 1381 931 1458 ἱρά·
973 1380 1201 1456 δεύτερα
1242 1379 1303 1439 δὲ
1348 1379 1524 1456 ἦμέας
1564 1380 1655 1440 οἷα
1696 1382 1857 1458 ἔρξαν

259 1475 314 1532 ἐς
338 1470 441 1545 τήν
480 1470 762 1546 σφετέρην
801 1468 1146 1545 ἀποβάντας,
1175 1466 1269 1527 ὅτε
1298 1469 1471 1531 Δᾶτίς
1512 1494 1574 1528 τε
1614 1470 1705 1527 καὶ
1730 1467 1856 1546 Ἀρ-

255 1558 535 1633 ταφέρνης
582 1555 968 1636 ἐστρατήγεον,
1017 1554 1090 1615 τοὶ
1134 1555 1448 1615 ἐπίστασθέ
1492 1582 1591 1615 κου
1637 1544 1873 1621 πάντεςῗ

255 1644 463 1704 τούτων
506 1644 696 1721 μέντοι
740 1644 920 1702 εἵνεκα
962 1640 1276 1719 ἀνάρτημαι
1320 1640 1403 1702 ἐπ’
1447 1642 1646 1707 αύτούς
1688 1668 1855 1722 στρα-

257 1732 537 1793 τεύεσθαι·
585 1730 772 1812 ἀγαθὰ
817 1730 876 1789 δὲ
923 1735 983 1790 ἐν
1030 1729 1255 1791 αὐτοῖσι
1300 1730 1508 1791 τοσάδε
1552 1731 1857 1809 ἀνευρίσκω

258 1818 632 1899 λογιζόμενος,
655 1822 703 1879 εἶ
727 1817 952 1882 τούτους
979 1843 1040 1878 τε
1067 1818 1161 1877 καὶ
1188 1818 1316 1881 τούς
1340 1817 1593 1878 τούτοισι
1617 1823 1854 1895 πλησιο-

257 1906 470 1986 χώρους
513 1905 1028 1984 καταστρεψόμεθα,
1075 1905 1131 1965 οἳ
1180 1907 1445 1968 Πέλοπος
1492 1911 1591 1966 τοῦ
1639 1906 1857 1987 Φρυγός

259 1996 394 2071 νέμο
459 2020 516 2052 αι
555 1992 760 2072 χώρην·
800 1997 908 2073 γῆν
948 1992 1051 2069 τήν
1093 1993 1351 2071 Περσίδα
1394 1991 1737 2073 ἀποδέξομεν
1779 2000 1857 2075 τῷ

261 2087 335 2141 Δι
481 2082 598 2158 θέρι
631 2080 1032 2157 ὁμουρέουσαν·
1077 2080 1142 2139 οὕ
1168 2081 1279 2162 γοὶρ
1308 2080 1376 2157 δὴ
1402 2081 1589 2160 χώρην
1612 2108 1681 2163 γε
1708 2081 1857 2142 οὐδε-

256 2170 393 2247 μίαν
420 2168 720 2247 κατόψεται
747 2168 778 2229 ὁ
805 2167 968 2245 ἥλιος
994 2167 1235 2245 ὅμουρον
1270 2172 1473 2229 ἐοῦσαν
1498 2174 1570 2248 τῇ
1595 2168 1854 2249 ἡμετέρῃ,

257 2256 411 2317 ἀλλά
436 2265 620 2334 σφεας
644 2256 832 2319 πάσας
859 2256 967 2337 ἐγὼ
997 2254 1116 2333 ἅμα
1140 2256 1271 2333 ύμῖν
1303 2258 1438 2333 μίαν
1468 2256 1655 2337 χώρην
1681 2256 1855 2333 θήσω,

257 2346 348 2406 διοῖ
374 2346 563 2423 πάσης
587 2344 880 2415 διεξελθὼν
905 2349 1005 2420 τῆς
1031 2343 1322 2423 Εὐρώπης·
1366 2344 1717 2421 πυνθάνομαι
1745 2344 1857 2426 γὰρ

261 2432 362 2493 ὦδε
408 2436 570 2513 ἔχειν’
613 2432 738 2493 οὔτε
777 2431 902 2493 τινὰ
943 2432 1115 2493 πόλιν
1158 2431 1369 2506 ἀνδρῶν
1414 2430 1689 2509 οὐδεμίαν,
1734 2432 1858 2493 οὔτε

259 2522 414 2585 ἔθνος
459 2522 614 2581 οὐδὲν
661 2519 964 2597 ἀνθρώπων
1003 2518 1413 2579 ὖπολείπεσθαι
1453 2518 1519 2579 τὸ
1562 2518 1699 2595 ἡμῖν
1742 2519 1859 2579 οἷόν

255 2634 320 2667 τε
372 2610 530 2667 ἔσται
582 2609 765 2668 ἐλθεῖν
811 2613 865 2670 ἐς
915 2606 1123 2685 μάχην,
1171 2605 1379 2665 τούτων
1432 2611 1544 2666 τῶν
1592 2608 1859 2677 κατέλεξα

233 2694 796 2773 ὑπεξαραιρημένων·
853 2693 993 2754 οὕτω
1043 2693 1105 2753 οἵ
1150 2719 1212 2754 τε
1264 2693 1399 2770 ἡμῖν
1447 2694 1615 2755 αἴτιοι
1669 2695 1859 2765 ἕξουσι

259 2781 482 2843 δούλιον
509 2782 688 2863 ζυγόν,
719 2782 779 2842 οἵ
811 2808 874 2842 τε
915 2780 1166 2841 οἷναίτιοι.
1254 2780 1409 2858 ὑμεῖς
1436 2780 1482 2841 δ’
1510 2780 1577 2841 ἅν
1602 2807 1702 2858 μοι
1727 2780 1859 2842 τάδε

257 2870 536 2934 ποιέοντες
575 2870 919 2949 χαρίζοισθε·
963 2868 1131 2928 ἐπεοὶν
1156 2867 1289 2945 ύμῖν
1322 2868 1556 2947 σημήνω
1589 2869 1689 2929 τόν
1728 2870 1857 2948 χρό-

259 2983 355 3017 νον
398 2962 452 3020 ἐς
491 2956 590 3018 τόν
633 2956 786 3031 ἥκειν
827 2956 924 3024 δεῖ,
955 2955 1255 3031 προθύμως
1295 2956 1479 3014 πάντα
1515 2957 1639 3015 τινα
1680 2956 1859 3032 ὑμέων

254 3042 459 3119 χρήσει
484 3046 756 3118 παρεῖναι·
799 3040 860 3103 ὃς
899 3040 966 3100 ἂν
1005 3041 1067 3099 δὲ
1104 3041 1244 3117 ἔχων
1271 3040 1379 3117 ἥκῃ
1403 3045 1859 3119 παρεσκευασμέ-

263 3151 358 3185 νον
397 3128 640 3203 στρατὸν
677 3125 976 3194 κάλλιστα,
1007 3126 1167 3186 δώσω
1197 3128 1251 3183 οἱ
1276 3125 1425 3201 δῶρα
1454 3125 1526 3185 τὰ
1552 3126 1858 3202 τιμιώτατα

260 3212 538 3285 νομίζεται
565 3213 704 3271 εἶναι
731 3216 788 3270 ἐν
813 3212 1102 3289 ἡμετέρου.
1170 3212 1405 3287 ποιητέα
1428 3213 1534 3286 μέν
1560 3237 1656 3273 νυν
1680 3215 1857 3275 ταῦτά
