2192 3409
309 131 400 179 134
443 142 456 155 ’
911 128 1280 181 ἮΡΟΔΟΤΟΤ
1748 130 1902 196 [VII.

301 208 543 284 Θρηΐκης
575 206 812 289 ἀγίνεον,
843 209 898 267 οἱ
930 206 990 267 δὲ
1023 212 1080 271 ἐς
1106 207 1407 285 Τυρόδιζαν
1445 208 1551 285 τήν
1582 211 1904 287 Περινθίων,

301 299 356 355 οἶ
381 295 442 355 δὲ
469 299 525 359 ἐς
550 296 851 372 Δορίσκον,
880 298 934 355 οἱ
959 294 1021 355 δὲ
1046 299 1103 359 ἐς
1126 294 1326 356 Ἠϊόνα
1356 294 1461 372 τήν
1489 296 1580 355 ἐπὶ
1609 298 1903 376 Στρυμόνι,

299 386 354 443 οἶ
396 384 457 446 δὲ
491 389 547 447 ἐς
583 383 936 460 Μακεδονίην
967 383 1403 464 διατεταγμένοι.

205 474 282 531 26
381 471 480 532 Ἐν
504 475 582 551 τῷ
609 471 668 532 δὲ
694 468 848 531 οὗτοι
872 471 974 531 τόν
999 472 1362 548 προκείμενον
1386 470 1561 531 πόνον
1588 473 1902 554 ἐργάζοντο,

300 564 358 621 ἐν
388 560 566 638 τούτῳ
609 558 642 619 ό
685 558 849 629 πεζὸς
890 558 1039 622 ἅπας
1075 559 1529 640 συλλελεγμένος
1568 558 1687 636 ἅμα
1720 562 1904 642 Ξέρξῃ

301 647 596 725 ἐπορεύετο
643 651 700 711 ἐς
745 644 962 723 Σάρδις,
1005 650 1066 705 ἐκ
1113 645 1452 724 Κριτάλλων
1490 646 1754 724 ὁρμηθεὶς
1794 654 1905 709 τῶν

303 741 363 795 ἐν
405 733 803 811 Καππαδοκίῃ·
855 734 1092 795 ἐνθαῦτα
1131 734 1243 815 γὰρ
1286 737 1471 811 εἴρητο
1515 736 1904 817 συλλέγεσθαι

297 822 482 883 πάντα
519 821 620 883 τόν
660 821 777 881 κατ’
803 820 1038 899 ἤπειρον
1062 825 1351 899 μέλλοντα
1390 821 1509 900 ἅμα
1550 822 1697 901 αύτῷ
1720 825 1903 905 Ξέρξῃ

297 909 636 989 πορεύεσθαι
695 909 958 987 στρατόν.
1043 902 1109 966 ὃς
1159 910 1265 987 μέν
1316 936 1413 971 νυν
1470 913 1581 985 τῶν
1640 912 1903 993 ὑπάρχων

301 997 547 1077 στρατόν
590 998 876 1059 κάλλιστα
919 998 1269 1077 ἐσταλμένον
1308 996 1535 1080 οἷγαγών
1574 997 1647 1059 τοὶ
1684 1002 1901 1077 προκεί-

297 1113 440 1165 μενα
475 1088 630 1166 παρὰ
661 1088 941 1166 βασιλέος
977 1088 1157 1163 ἔλαβε
1194 1086 1359 1164 δῶρα,
1391 1086 1491 1147 οὐκ
1522 1088 1631 1166 ἔχω
1657 1088 1900 1166 φράσαι·

299 1175 426 1235 οὐδὲ
449 1176 558 1257 γοὶρ
585 1176 766 1256 ἀρχὴν
794 1181 848 1239 ἐς
873 1177 1058 1252 κρίσιν
1083 1173 1284 1235 τούτου
1308 1174 1437 1252 πέρι
1464 1174 1731 1239 ἐλθόντας
1756 1176 1898 1237 emm·

299 1268 354 1324 οἱ
380 1265 440 1325 δὲ
468 1266 593 1324 ἐπεί
617 1290 679 1325 τε
720 1263 1015 1340 διαβάντες
1053 1261 1157 1324 τόν
1180 1261 1365 1322 Ἀλυν
1400 1262 1655 1339 ποταμόν
1692 1264 1898 1341 ὁμιλη-

300 1378 412 1412 σαν
451 1356 524 1431 τῇ
553 1356 783 1435 Φρυγίῃ,
819 1352 886 1411 δι’
914 1351 1084 1427 αύτῆς
1125 1350 1489 1429 πορευόμενοι
1528 1353 1901 1433 παρεγένοντο

299 1446 354 1504 ἐς
382 1442 680 1505 Κελαινάς·
709 1442 797 1501 ἵνα
824 1440 1002 1521 πηγαὶ
1027 1439 1353 1500 ἀναδιδοῦσι
1378 1437 1705 1516 Μαιάνδρου
1731 1466 1899 1501 ποτα-

295 1533 423 1605 μοῦ,
470 1527 562 1586 καὶ
609 1530 796 1606 ἑτέρου
843 1528 942 1587 οὐκ
991 1526 1309 1591 ἐλάσσονος
1352 1525 1391 1604 ἢ
1437 1528 1778 1605 Μαιάνδρου,
1822 1532 1902 1609 τῷ

300 1614 510 1693 οὕνομα
549 1616 812 1697 τυγχάνει
853 1615 944 1675 ἐὰν
971 1615 1393 1693 Καταρρήκτης,
1422 1614 1483 1679 ὃς
1510 1616 1573 1685 ἐξ
1597 1614 1767 1693 αύτῆς
1799 1621 1901 1693 τῆς

297 1702 508 1783 α’γορῆς
531 1706 632 1779 τῆς
658 1704 976 1763 Κελαινέων
1001 1701 1339 1774 ἀνατέλλων,
1369 1708 1425 1767 ἐς
1447 1703 1549 1765 τόν
1576 1705 1901 1781 Μαίανδρον

299 1791 520 1851 ἐκδιδοῖ·
563 1795 622 1851 ἐν
646 1794 719 1870 τῇ
747 1791 838 1850 καὶ
864 1790 896 1850 ὁ
922 1794 1024 1851 τοῦ
1052 1792 1297 1866 Σιληνοῦ
1322 1791 1607 1869 Μαρσύεω
1633 1790 1811 1855 οἷσκός
1842 1796 1901 1851 ἐν

300 1882 371 1957 τῇ
411 1877 551 1939 πόλι
592 1878 982 1956 ἀνακρέμαται,
1014 1877 1115 1939 τᾶν
1150 1877 1261 1939 ὖπὸ
1303 1884 1537 1961 Φρυγῶν
1577 1880 1750 1961 λόγος
1787 1882 1900 1957 ἔχει

89 1980 99 1994 “
142 2028 184 2043 „-
204 1970 240 2026 2
247 1970 280 2027 7
297 1966 405 2027 ύπό
450 1965 813 2030 ’Λπόλλωνος
858 1966 1154 2044 ἐκδαρέντα
1206 1966 1715 2045 ἀνακρεμασθῆναι.
1801 1966 1900 2026 Ἐν

298 2054 472 2133 ταύτῃ
497 2058 569 2134 τῇ
595 2054 734 2114 πόλι
757 2052 1179 2133 ύποκατήμενος
1206 2055 1419 2119 Πύθιος
1445 2053 1477 2115 ό
1508 2053 1729 2124 Ἀτυος,
1758 2053 1899 2131 ἀνὴρ

298 2142 495 2213 Λυδὰς,
523 2142 754 2213 ἐξείνισε
777 2143 882 2219 τὴν
905 2143 1187 2219 βασιλέος
1212 2142 1485 2220 στρατιὴν
1514 2145 1709 2201 πᾶσαν
1741 2143 1899 2211 ξεινί-

301 2256 417 2291 οισι
452 2232 778 2314 μεγίστοισι
819 2231 912 2291 καὶ
951 2229 1121 2292 αύτόν
1145 2231 1374 2307 Ξέρξεα,
1402 2228 1665 2311 χρήματά
1706 2255 1768 2288 τε
1805 2234 1897 2289 ἐπ-

301 2322 614 2401 αγγέλλετο
659 2319 1010 2398 βουλόμενος
1057 2323 1113 2382 ἐς
1157 2318 1257 2378 τόν
1308 2317 1562 2396 πόλεμον
1614 2317 1897 2396 παρέχειν·

302 2411 794 2491 ἐπαγγελλομένου
835 2408 894 2467 δὲ
929 2406 1195 2486 χρήματα
1222 2406 1457 2477 Πυθίου,
1486 2406 1663 2482 εἴρετο
1688 2405 1900 2483 Ξέρξης

304 2498 572 2573 Περσέων
609 2496 738 2560 τούς
770 2494 1094 2573 παρεόντας,
1122 2494 1208 2557 τίς
1232 2520 1292 2554 τε
1321 2494 1421 2554 ἐῶν
1448 2492 1901 2571 οἷνδρῶν·Πύθιος

302 2584 393 2641 καὶ
421 2583 566 2644 κόσα
593 2584 855 2663 χρήματα
889 2582 1218 2659 κεκτημένος
1243 2581 1655 2663 ἐπαγγέλλοιτο
1688 2584 1898 2649 ταῦτα;

308 2674 360 2729 οἶ
404 2670 463 2729 δὲ
506 2672 692 2731 εἶπαν·
747 2682 780 2707 “
799 2670 841 2731 ὦ
883 2674 1151 2748 βασιλεῦ,
1200 2668 1360 2734 οὗτός
1403 2676 1527 2730 ἐστι
1568 2669 1631 2732 ὅς
1669 2694 1759 2728 τοι
1802 2668 1902 2728 τόν

304 2760 518 2835 πατέρα
545 2762 785 2835 Δαρεῖον
815 2757 1136 2834 ἐδωρήσατο
1160 2761 1233 2835 τῇ
1256 2760 1619 2835 πλατανίστῳ
1658 2761 1731 2834 τῇ
1769 2781 1901 2834 χρυ-

305 2845 409 2923 σέῃ
437 2844 527 2902 καὶ
553 2849 626 2924 τῇ
651 2844 904 2923 ἀμπέλῳ·
945 2843 1007 2906 ὃς
1033 2844 1125 2901 καὶ
1150 2848 1249 2903 νῦν
1275 2849 1397 2903 ἐστι
1435 2847 1653 2919 πρῶτος
1693 2843 1900 2919 ἀνθρώ-

209 2932 286 2988 28
307 2956 424 2991 πων
447 2931 687 3009 πλούτῳ,
716 2934 826 2989 τῶν
850 2930 1010 3005 ἡμεῖς
1037 2930 1208 3005 ἴδμεν,
1235 2931 1378 3006 μετοῗΙ
1418 2930 1539 2990 σέ.”
1620 2930 1902 3007 Θωμάσας

306 3017 365 3075 δὲ
399 3022 509 3077 τῶν
545 3018 716 3077 ἐπέων
754 3016 821 3075 τό
861 3020 1182 3075 τελευταῖον
1208 3018 1435 3093 Ξέρξης,
1469 3016 1636 3079 αύτός
1675 3016 1903 3093 δεύτερα

307 3103 480 3177 ε’ίρετο
517 3103 733 3164 Πύθιον
781 3101 960 3163 ὁκόσα
1007 3104 1060 3160 οἱ
1110 3102 1193 3177 ε’ίη
1233 3104 1496 3180 χρήματα
1514 3129 1529 3171 ;
1579 3102 1612 3162 ό
1634 3102 1717 3171 ,δὲ
1762 3102 1900 3161 εἶπε·

306 3195 342 3219 “
359 3186 400 3243 ὦ
426 3191 692 3262 βασιλεῦ,
720 3187 848 3247 οὔτε
887 3213 958 3246 σε
997 3187 1305 3264 ἀποκρύψω
1346 3188 1471 3247 οὔτε
1509 3187 1805 3266 σκήψομαι
1834 3188 1901 3246 τὰ

300 3274 382 3345 μή
423 3272 618 3330 εἰδέναι
652 3274 754 3345 τήν
791 3277 1062 3346 ἐμεωυτοῦ
1104 3273 1315 3349 οὐσίην,
1359 3274 1489 3332 ἀλλ’
1531 3272 1902 3348 ἐπιστάμενός
