2192 3409
270 102 485 166 τεο-84]
860 111 865 121 ·
933 98 1266 149 o‘rmwm.v
1769 98 1862 147 251

267 186 379 242 τῶν
440 183 769 261 στρατηγῶν
820 180 920 239 οὐκ
950 180 1262 250 ,ἐπείθοντο
1311 178 1384 238 τοὶ
1437 176 1860 258 ἐξαγγελθέντα.

268 268 677 329 Ἀπιστεόντων
703 268 763 327 δὲ
787 266 1011 337 τούτων,
1038 265 1140 343 ἧκε
1165 266 1392 343 τριήρης
1417 264 1628 342 ἀνδρῶν
1653 268 1862 341 Τηνίων
1879 270 1958 326 82

270 358 697 433 αὐτομολέουσα
746 360 847 431 τῆς
888 354 1031 433 ἦρχε
1076 354 1216 430 ἀνὴρ
1259 354 1562 417 Παναίτιος
1607 353 1638 413 ὁ
1688 356 1862 418 Σωσι-

268 446 475 522 μένεος,
502 444 647 520 ἥπερ
683 444 751 519 δὴ
786 446 951 521 ἔφερε
983 442 1086 519 τήν
1117 442 1394 518 ἀληθηΐην
1427 448 1639 502 πᾶσαν·
1681 443 1772 503 διαὶ
1805 444 1866 501 δὲ

268 537 435 593 τοῦτο
458 532 526 593 v&
562 534 725 613 ἔργον
760 530 1154 611 ἐνεγράφησαν
1181 529 1373 605 Τήνιοι
1409 535 1469 589 ἐν
1495 535 1784 606 Δελφοῖσι
1811 536 1868 593 ἐς

268 620 369 679 τᾶν
392 620 631 698 τρίποδα
658 624 716 679 ἐν
740 624 893 679 τοῖσι
917 619 1017 678 τόν
1040 617 1343 695 βάρβαρον
1370 623 1690 679 κατελοῦσι.
1759 618 1868 679 σῦν

270 706 397 766 δὲ49
358 734 431 768 ων
456 707 627 785 ταύτῃ
653 713 733 786 τῇ·
762 708 852 783 νηῒ
886 710 957 785 τῇ
989 706 1498 785 αὖτομολησάσῃ’
1473 734 1528 769 ες
1555 708 1866 784 Σαλαμῖνα,
1893 788 1896 791 ,

272 795 363 853 καὶ
386 799 459 874 τῇ
474 796 747 905 πρότερον
774 794 857 853 ἐπ’
882 794 1243 871 Ἀρτεμίσιον
1267 799 1340 872 τῇ
1365 795 1604 873 Λημνίῃ,
1635 796 1866 870 ἐξεπλη-

270 886 439 958 ροΰτο
470 872 557 943 τό
573 882 828 943 ναυτικόν
856 888 1009 943 τοῖσι
1038 883 1296 959 Ελλησι
1327 888 1382 944 ἐς
1411 881 1515 943 τοὶς
1553 882 1868 962 ὁγδωκοντα

275 970 367 1027 καὶ
391 971 729 1045 τριηκοσίας
739 996 893 1046 νηας·
933 969 1031 1031 δύο
1062 970 1174 1051 γὰρ
1209 970 1276 1045 δὴ
1308 974 1452 1046 νηῶν
1482 968 1625 1029 τότε·
1649 969 1868 1029 κατέδεε

278 1060 332 1118 ἐς
355 1081 454 1116 τον
478 1055 736 1134 ἀριθμόν.

358 1147 523 1203 Τοῖσι
562 1145 623 1203 δὲ
652 1144 905 1221 Ἕλλησι
946 1146 1017 1210 ὥς
1055 1172 1237 1206 πιστα
1265 1144 1334 1221 δῆ
1375 1170 1447 1205 τα
1487 1090 1836 1225 λεγόμενα
1799 1170 1868 1219 ην
1886 1146 1962 1203 83

275 1235 383 1291 τῶν
426 1233 635 1309 Τηνίων
672 1232 912 1310 ῥήματα,
952 1232 1432 1311 παρεσκευάζοντο
1479 1231 1549 1293 ὥς
1586 1230 1868 1309 ναυμαχή-

277 1344 489 1385 σοντες·
568 1321 681 1397 ἠῶς
731 1347 793 1381 τε
844 1322 1108 1397 διέφαινε,
1163 1321 1254 1379 καὶ
1315 1345 1368 1377 οι
1420 1319 1718 1403 σύλλογον
1759 1322 1870 1379 τῶν

278 1410 587 1484 ἐπιβατέων
627 1408 1013 1485 ποιησάμενοι,
1049 1407 1392 1487 προηγόρευε
1429 1404 1488 1465 εὖ
1531 1407 1729 1485 ἔχοντα
1766 1408 1870 1483 μὲν

279 1500 337 1553 ἐκ
384 1496 605 1558 πάντων
648 1497 1085 1573 Θεμιστοκλέης·
1153 1496 1224 1556 τοῖ
1271 1495 1332 1554 δὲ
1379 1495 1512 1553 ἔπεα
1557 1492 1644 1570 ἧν,
1688 1494 1871 1555 πάντα.

281 1584 503 1657 κρέσσω
565 1588 717 1643 τοῖσι
766 1584 987 1659 ἥσσοσι
1048 1583 1448 1661 ἀντιτιθέμενα.
1530 1581 1644 1643 ὅσα
1701 1582 1762 1643 δὲ
1813 1588 1872 1642 ἐν

280 1669 570 1746 ἀνθρώπου
597 1670 743 1747 φύσι
770 1673 863 1730 καὶ
890 1670 1506 1752 καταστάσιέγγίνεται
1529 1671 1874 1748 παραινέσας

279 1757 364 1833 δή,
391 1758 598 1818 τούτων
630 1758 702 1818 ταῖ
740 1759 965 1835 κρέσσω
1002 1760 1306 1836 αἱρέεσθαι.
1391 1760 1482 1818 καὶ
1523 1758 1872 1827 καταπλέξας

277 1845 381 1919 τήν
406 1848 590 1921 ῥῆσιν,
619 1846 903 1923 ἐσβαίνειν
930 1848 1146 1905 ἐκέλευε
1173 1852 1228 1909 ἐς
1253 1846 1354 1909 ταῖς
1379 1850 1532 1923 νῆας.
1601 1847 1694 1905 καὶ
1721 1844 1872 1906 οὗτοι

277 1935 382 2009 μὲν
408 1933 475 2007 δή
502 1934 815 2009 ἐσέβαινον,
852 1935 947 1993 καὶ
980 1932 1093 2009 ἧκε
1117 1934 1154 2008 ἦ
1191 1933 1285 1993 ἀπ
1319 1935 1546 2014 Αἰγίνης
1576 1934 1803 2012 τριήρης
1835 1961 1872 2009 η

280 2047 419 2081 κατα
445 2047 573 2085 τους
599 2022 861 2085 Αἰακίδας
886 2020 1235 2097 ἀπεδήμησε·
1278 2021 1576 2081 ἐνθαῦτα’
1539 2026 1749 2102 ανῆγον
1773 2020 1874 2083 τοῖς

279 2114 412 2183 νῆας
450 2109 677 2171 απάσας
717 2135 771 2169 οι
799 2109 1095 2185 Ἕλληνες.
1177 2108 1606 2190 Ἀναγομένοισι
1653 2109 1716 2167 δέ
1759 2115 1872 2183 σφι
1891 2111 1966 2167 84

279 2196 477 2258 αὐτίκα
528 2196 793 2257 ἐπεκέατο
846 2199 901 2255 οἱ
950 2196 1262 2275 βάρβαροι·
1317 2201 1370 2257 οἱ
1423 2200 1526 2273 μὲν
1577 2196 1646 2271 δὴ
1699 2196 1870 2255 ἄλλοι

268 2281 545 2359 ’Έλληνες
572 2284 663 2349 ἐπὶ
692 2283 947 2360 πρύμνην
972 2284 1332 2361 ἀνεκρούοντο
1372 2286 1464 2343 καὶ
1497 2282 1744 2343 ὤκελλον
1773 2284 1874 2348 τσῖς

279 2375 431 2447 νῆας,
494 2370 772 2447 Ἀμεινίης
825 2371 885 2429 δὲ
939 2372 1286 2446 Παλληνεύς,
1353 2372 1494 2447 ἀνὴρ
1562 2370 1872 2447 Ἀθηναῖος,

280 2459 598 2536 ἐξαναχθεὶς
623 2458 713 2533 νηῒ
740 2458 1039 2534 ἐμβάλλει·
1082 2460 1510 2535 συμπλακείσης
1537 2458 1596 2517 δὲ
1621 2464 1721 2535 τῆς
1746 2459 1874 2534 νηὸς

278 2547 372 2604 καὶ
405 2544 470 2605 οὗ
507 2545 819 2622 δυναμένων
856 2545 1274 2627 ἀπαλλαγῆναι,
1317 2546 1458 2607 οὕτω
1499 2547 1567 2623 δή
1610 2550 1664 2607 οἱ
1703 2544 1874 2608 ἄλλοι

277 2632 527 2713 Ἀμεινίῃ
588 2634 922 2715 βοηθέοντες
988 2637 1364 2715 συνέμισγον»
1429 2633 1718 2710 Ἀθηναῖοι
1773 2637 1874 2712 μὲν

278 2720 421 2779 οὕτω
469 2721 706 2801 λέγουσι
744 2725 844 2797 τῆς
883 2723 1192 2801 ναυμαχίης
1229 2723 1496 2803 γενέσθαι
1533 2723 1638 2799 τὴν
1678 2723 1874 2802 ἀρχὴν,

276 2811 571 2887 Αἰγινῆται
596 2809 655 2869 δὲ
680 2808 785 2884 τήν
810 2809 953 2872 κατὰ
976 2808 1108 2873 τούς
1126 2810 1389 2873 Αἰακίδας
1415 2808 1872 2887 ἀποδημήσασαν

278 2900 335 2957 ἐς
372 2896 622 2975 Αἴγιναν,
662 2896 867 2972 ταύτην
909 2896 1047 2957 εἶναι
1086 2898 1192 2971 τὴν
1233 2895 1504 2972 ἄρξασαν·
1553 2899 1777 2977 λέγεται
1817 2898 1877 2958 δὲ

280 2984 372 3041 καὶ
397 2983 545 3052 τάδε,
572 2984 643 3047 ὥς
668 2984 878 3061 φάσμα
910 2990 1021 3059 σφι
1054 2984 1315 3063 γυναικὸς
1346 2984 1544 3060 ἐφάνη·
1600 2988 1875 3058 φανεῖσαν

280 3070 339 3129 δὲ
370 3070 843 3132 διακελεύσασθαι
877 3071 1021 3130 ὥστε
1060 3073 1152 3129 καὶ
1193 3071 1340 3131 ἅπαν
1381 3072 1622 3131 ἀκοῦσαι
1660 3070 1726 3130 τὸ
1767 3072 1876 3127 τῶν

278 3156 567 3232 Ἑλλήνων
603 3158 1001 3236 στρατόπεδον,
1030 3158 1390 3217 ὀνειδίσασαν
1423 3158 1694 3235 πρότερον
1725 3155 1875 3215 τάδε·

281 3254 319 3280 “
326 3242 389 3331 ᾗ
389 3244 679 3319 δαιμόνιοι,
694 3246 863 3323 μέχρι
882 3245 1059 3305 κόσου
1078 3246 1158 3303 ἔτι
1173 3244 1426 3321 πρύμνην
1441 3242 1814 3321 ἀνακρούεσθε
1828 3238 1877 3309 ;”
