<?xml version="1.0" encoding="UTF-8"?>
<!DOCTYPE html PUBLIC "-//W3C//DTD XHTML 1.0 Transitional//EN"
    "http://www.w3.org/TR/xhtml1/DTD/xhtml1-transitional.dtd">
<html xmlns="http://www.w3.org/1999/xhtml" xml:lang="en" lang="en">
 <head>
  <title>
</title>
<meta http-equiv="Content-Type" content="text/html;charset=utf-8" />
  <meta name='ocr-system' content='tesseract 3.04.00' />
  <meta name='ocr-capabilities' content='ocr_page ocr_carea ocr_par ocr_line ocrx_word'/>
</head>
<body>
  <div class='ocr_page' id='page_1' title='image "./herodotus14herogoog_0127.png"; bbox 0 0 2192 3409; ppageno 0'>
   <div class='ocr_carea' id='block_1_1' title="bbox 360 136 1959 205">
    <p class='ocr_par' dir='ltr' id='par_1_1' title="bbox 360 136 1959 205">
     <span class='ocr_line' id='line_1_1' title="bbox 360 136 1959 205; baseline 0 -15"><span class='ocrx_word' id='word_1_1' title='bbox 360 140 510 205; x_wconf 84' lang='lat'>1—5]</span> <span class='ocrx_word' id='word_1_2' title='bbox 971 136 1343 189; x_wconf 69' lang='grc' dir='ltr'>ΠοΛΤΜΝῐΑ.</span> <span class='ocrx_word' id='word_1_3' title='bbox 1870 142 1959 191; x_wconf 88' lang='lat'>119</span> 
     </span>
    </p>
   </div>
   <div class='ocr_carea' id='block_1_2' title="bbox 349 217 2081 3376">
    <p class='ocr_par' dir='ltr' id='par_1_2' title="bbox 354 217 2021 2319">
     <span class='ocr_line' id='line_1_2' title="bbox 355 217 1953 298; baseline 0.001 -19"><span class='ocrx_word' id='word_1_4' title='bbox 355 219 444 280; x_wconf 84' lang='grc' dir='ltr'>ὅτι</span> <span class='ocrx_word' id='word_1_5' title='bbox 471 218 805 298; x_wconf 81' lang='grc' dir='ltr'>νομιζόμενα</span> <span class='ocrx_word' id='word_1_6' title='bbox 832 220 916 297; x_wconf 79' lang='grc' dir='ltr'>εἴη</span> <span class='ocrx_word' id='word_1_7' title='bbox 942 246 1081 297; x_wconf 82' lang='grc' dir='ltr'>προς</span> <span class='ocrx_word' id='word_1_8' title='bbox 1103 218 1322 279; x_wconf 83' lang='grc' dir='ltr'>πάντων</span> <span class='ocrx_word' id='word_1_9' title='bbox 1348 217 1649 296; x_wconf 72' lang='grc' dir='ltr'>ἀνθρώπων</span> <span class='ocrx_word' id='word_1_10' title='bbox 1666 218 1765 280; x_wconf 82' lang='grc' dir='ltr'>τόν</span> <span class='ocrx_word' id='word_1_11' title='bbox 1782 246 1953 298; x_wconf 84' lang='grc' dir='ltr'>πρεσ-</span> 
     </span>
     <span class='ocr_line' id='line_1_3' title="bbox 354 298 1958 387; baseline 0 -19"><span class='ocrx_word' id='word_1_12' title='bbox 354 307 607 383; x_wconf 79' lang='grc' dir='ltr'>βύτατον</span> <span class='ocrx_word' id='word_1_13' title='bbox 637 307 741 385; x_wconf 79' lang='grc' dir='ltr'>τήν</span> <span class='ocrx_word' id='word_1_14' title='bbox 772 306 956 387; x_wconf 77' lang='grc' dir='ltr'>εἷρχήν</span> <span class='ocrx_word' id='word_1_15' title='bbox 992 309 1159 387; x_wconf 81' lang='grc' dir='ltr'>ἔχειν·</span> <span class='ocrx_word' id='word_1_16' title='bbox 1198 307 1412 385; x_wconf 77' lang='grc' dir='ltr'>Ξέρξης</span> <span class='ocrx_word' id='word_1_17' title='bbox 1452 306 1528 377; x_wconf 81' lang='grc' dir='ltr'>δὲ,</span> <span class='ocrx_word' id='word_1_18' title='bbox 1571 305 1643 369; x_wconf 77' lang='grc' dir='ltr'>ὦς</span> <span class='ocrx_word' id='word_1_19' title='bbox 1671 298 1958 386; x_wconf 84' lang='grc' dir='ltr'>Ἀτόσσης</span> 
     </span>
     <span class='ocr_line' id='line_1_4' title="bbox 354 393 1955 476; baseline 0.002 -22"><span class='ocrx_word' id='word_1_20' title='bbox 354 420 416 454; x_wconf 92' lang='grc' dir='ltr'>τε</span> <span class='ocrx_word' id='word_1_21' title='bbox 442 400 575 459; x_wconf 78' lang='grc' dir='ltr'>παῖς</span> <span class='ocrx_word' id='word_1_22' title='bbox 603 396 686 472; x_wconf 80' lang='grc' dir='ltr'>εἴη</span> <span class='ocrx_word' id='word_1_23' title='bbox 712 401 812 472; x_wconf 85' lang='grc' dir='ltr'>τῆς</span> <span class='ocrx_word' id='word_1_24' title='bbox 840 396 1031 472; x_wconf 81' lang='grc' dir='ltr'>Κύρου</span> <span class='ocrx_word' id='word_1_25' title='bbox 1065 395 1339 476; x_wconf 88' lang='grc' dir='ltr'>θυγατρος</span> <span class='ocrx_word' id='word_1_26' title='bbox 1367 396 1459 453; x_wconf 82' lang='grc' dir='ltr'>καὶ</span> <span class='ocrx_word' id='word_1_27' title='bbox 1486 393 1573 455; x_wconf 81' lang='grc' dir='ltr'>ὅτι</span> <span class='ocrx_word' id='word_1_28' title='bbox 1600 399 1788 474; x_wconf 75' lang='grc' dir='ltr'>Κΐρος</span> <span class='ocrx_word' id='word_1_29' title='bbox 1814 397 1898 473; x_wconf 80' lang='grc' dir='ltr'>εἴη</span> <span class='ocrx_word' id='word_1_30' title='bbox 1924 398 1955 457; x_wconf 81' lang='grc' dir='ltr'>ὁ</span> 
     </span>
     <span class='ocr_line' id='line_1_5' title="bbox 358 482 2081 595; baseline 0.001 -54"><span class='ocrx_word' id='word_1_31' title='bbox 358 482 708 560; x_wconf 82' lang='grc' dir='ltr'>κτησάμενος</span> <span class='ocrx_word' id='word_1_32' title='bbox 730 488 885 544; x_wconf 78' lang='grc' dir='ltr'>τοῖσι</span> <span class='ocrx_word' id='word_1_33' title='bbox 913 484 1181 562; x_wconf 85' lang='grc' dir='ltr'>Πέρσῃσι</span> <span class='ocrx_word' id='word_1_34' title='bbox 1199 483 1303 558; x_wconf 84' lang='grc' dir='ltr'>τὴν</span> <span class='ocrx_word' id='word_1_35' title='bbox 1322 483 1657 595; x_wconf 73' lang='grc' dir='ltr'>ἐλευθερίην.</span> <span class='ocrx_word' id='word_1_36' title='bbox 1718 486 1957 562; x_wconf 85' lang='grc' dir='ltr'>Δαρείου</span> <span class='ocrx_word' id='word_1_37' title='bbox 1986 488 2081 543; x_wconf 87' lang='grc'>3·</span> 
     </span>
     <span class='ocr_line' id='line_1_6' title="bbox 357 570 1956 678; baseline 0.001 -49"><span class='ocrx_word' id='word_1_38' title='bbox 357 570 417 629; x_wconf 83' lang='grc' dir='ltr'>δὲ</span> <span class='ocrx_word' id='word_1_39' title='bbox 457 596 559 630; x_wconf 88' lang='grc' dir='ltr'>ουκ</span> <span class='ocrx_word' id='word_1_40' title='bbox 601 570 1068 648; x_wconf 76' lang='grc' dir='ltr'>ἀποδεικνυμένου</span> <span class='ocrx_word' id='word_1_41' title='bbox 1112 597 1187 629; x_wconf 87' lang='grc' dir='ltr'>κω</span> <span class='ocrx_word' id='word_1_42' title='bbox 1226 570 1467 678; x_wconf 80' lang='grc' dir='ltr'>γνώμην,</span> <span class='ocrx_word' id='word_1_43' title='bbox 1510 570 1777 651; x_wconf 73' lang='grc' dir='ltr'>ἐτύγχανε</span> <span class='ocrx_word' id='word_1_44' title='bbox 1817 598 1956 631; x_wconf 89' lang='grc' dir='ltr'>κατα</span> 
     </span>
     <span class='ocr_line' id='line_1_7' title="bbox 354 657 1957 737; baseline 0 -19"><span class='ocrx_word' id='word_1_45' title='bbox 354 658 528 719; x_wconf 77' lang='grc' dir='ltr'>τῶυτὸ</span> <span class='ocrx_word' id='word_1_46' title='bbox 555 660 808 721; x_wconf 81' lang='grc' dir='ltr'>τούτοισι</span> <span class='ocrx_word' id='word_1_47' title='bbox 835 661 927 719; x_wconf 83' lang='grc' dir='ltr'>καὶ</span> <span class='ocrx_word' id='word_1_48' title='bbox 954 657 1351 737; x_wconf 70' lang='grc' dir='ltr'>Δημάρητος“</span> <span class='ocrx_word' id='word_1_49' title='bbox 1318 686 1349 719; x_wconf 94' lang='grc' dir='ltr'>ο</span> <span class='ocrx_word' id='word_1_50' title='bbox 1384 658 1721 736; x_wconf 76' lang='grc' dir='ltr'>Ἀρίστωνος</span> <span class='ocrx_word' id='word_1_51' title='bbox 1757 658 1957 736; x_wconf 75' lang='grc' dir='ltr'>ἀναβε-</span> 
     </span>
     <span class='ocr_line' id='line_1_8' title="bbox 355 746 1957 827; baseline 0.001 -22"><span class='ocrx_word' id='word_1_52' title='bbox 355 747 546 822; x_wconf 67' lang='grc' dir='ltr'>βηκώς</span> <span class='ocrx_word' id='word_1_53' title='bbox 598 754 655 812; x_wconf 80' lang='grc' dir='ltr'>ἐς</span> <span class='ocrx_word' id='word_1_54' title='bbox 709 750 920 818; x_wconf 80' lang='grc' dir='ltr'>Σοῦσα,</span> <span class='ocrx_word' id='word_1_55' title='bbox 967 746 1332 824; x_wconf 77' lang='grc' dir='ltr'>ἐστερημένος</span> <span class='ocrx_word' id='word_1_56' title='bbox 1375 771 1437 806; x_wconf 87' lang='grc' dir='ltr'>τε</span> <span class='ocrx_word' id='word_1_57' title='bbox 1477 750 1579 823; x_wconf 69' lang='grc' dir='ltr'>τῆς</span> <span class='ocrx_word' id='word_1_58' title='bbox 1625 752 1683 807; x_wconf 89' lang='grc' dir='ltr'>ἐν</span> <span class='ocrx_word' id='word_1_59' title='bbox 1726 748 1957 827; x_wconf 82' lang='grc' dir='ltr'>Σπάρτῃ</span> 
     </span>
     <span class='ocr_line' id='line_1_9' title="bbox 354 835 1959 918; baseline 0.001 -24"><span class='ocrx_word' id='word_1_60' title='bbox 354 836 666 912; x_wconf 67' lang='grc' dir='ltr'>βασιληίης</span> <span class='ocrx_word' id='word_1_61' title='bbox 701 838 792 896; x_wconf 86' lang='grc' dir='ltr'>καὶ</span> <span class='ocrx_word' id='word_1_62' title='bbox 830 836 1019 918; x_wconf 66' lang='grc' dir='ltr'>φυγήν</span> <span class='ocrx_word' id='word_1_63' title='bbox 1056 835 1349 912; x_wconf 75' lang='grc' dir='ltr'>ἐπιβαλῶν</span> <span class='ocrx_word' id='word_1_64' title='bbox 1381 839 1558 915; x_wconf 74' lang='grc' dir='ltr'>ἑωυτῷ</span> <span class='ocrx_word' id='word_1_65' title='bbox 1598 841 1658 895; x_wconf 87' lang='grc' dir='ltr'>ἐκ</span> <span class='ocrx_word' id='word_1_66' title='bbox 1691 836 1959 896; x_wconf 83' lang='grc' dir='ltr'>Λακεδαί·</span> 
     </span>
     <span class='ocr_line' id='line_1_10' title="bbox 355 920 1959 1001; baseline 0.001 -20"><span class='ocrx_word' id='word_1_67' title='bbox 355 947 543 998; x_wconf 90' lang='grc' dir='ltr'>μονος·</span> <span class='ocrx_word' id='word_1_68' title='bbox 597 922 755 988; x_wconf 77' lang='grc' dir='ltr'>οὗτος</span> <span class='ocrx_word' id='word_1_69' title='bbox 797 920 941 1001; x_wconf 71' lang='grc' dir='ltr'>ὃνήρ</span> <span class='ocrx_word' id='word_1_70' title='bbox 982 922 1294 999; x_wconf 82' lang='grc' dir='ltr'>πυθόμενος</span> <span class='ocrx_word' id='word_1_71' title='bbox 1334 928 1446 983; x_wconf 76' lang='grc' dir='ltr'>τῶν</span> <span class='ocrx_word' id='word_1_72' title='bbox 1478 924 1717 1000; x_wconf 85' lang='grc' dir='ltr'>Δαρείου</span> <span class='ocrx_word' id='word_1_73' title='bbox 1750 924 1959 983; x_wconf 84' lang='grc' dir='ltr'>παίδων</span> 
     </span>
     <span class='ocr_line' id='line_1_11' title="bbox 354 1010 1957 1091; baseline -0.001 -21"><span class='ocrx_word' id='word_1_74' title='bbox 354 1010 460 1086; x_wconf 73' lang='grc' dir='ltr'>τὴν</span> <span class='ocrx_word' id='word_1_75' title='bbox 502 1010 793 1090; x_wconf 76' lang='grc' dir='ltr'>διαφορήν,</span> <span class='ocrx_word' id='word_1_76' title='bbox 841 1012 1037 1083; x_wconf 74' lang='grc' dir='ltr'>ε’λθῶν,</span> <span class='ocrx_word' id='word_1_77' title='bbox 1087 1010 1160 1075; x_wconf 69' lang='grc' dir='ltr'>οἷς</span> <span class='ocrx_word' id='word_1_78' title='bbox 1198 1010 1239 1086; x_wconf 82' lang='grc' dir='ltr'><em>ἦ</em></span> <span class='ocrx_word' id='word_1_79' title='bbox 1280 1010 1447 1086; x_wconf 81' lang='grc' dir='ltr'>φάτις</span> <span class='ocrx_word' id='word_1_80' title='bbox 1480 1036 1578 1087; x_wconf 90' lang='grc' dir='ltr'>μιν</span> <span class='ocrx_word' id='word_1_81' title='bbox 1610 1013 1739 1089; x_wconf 81' lang='grc' dir='ltr'>ἔχει,</span> <span class='ocrx_word' id='word_1_82' title='bbox 1776 1013 1957 1091; x_wconf 77' lang='grc' dir='ltr'>Ξέρξῃ</span> 
     </span>
     <span class='ocr_line' id='line_1_12' title="bbox 357 1098 1958 1181; baseline 0.001 -24"><span class='ocrx_word' id='word_1_83' title='bbox 357 1100 734 1174; x_wconf 80' lang='grc' dir='ltr'>συνεβούλευε</span> <span class='ocrx_word' id='word_1_84' title='bbox 759 1101 948 1181; x_wconf 89' lang='grc' dir='ltr'>λέγειν</span> <span class='ocrx_word' id='word_1_85' title='bbox 970 1099 1112 1176; x_wconf 73' lang='grc' dir='ltr'>προς</span> <span class='ocrx_word' id='word_1_86' title='bbox 1135 1102 1288 1158; x_wconf 75' lang='grc' dir='ltr'>τοῖσι</span> <span class='ocrx_word' id='word_1_87' title='bbox 1314 1099 1474 1179; x_wconf 78' lang='grc' dir='ltr'>ἔλεγε</span> <span class='ocrx_word' id='word_1_88' title='bbox 1498 1100 1674 1169; x_wconf 79' lang='grc' dir='ltr'>ἔπεσι,</span> <span class='ocrx_word' id='word_1_89' title='bbox 1698 1098 1767 1163; x_wconf 74' lang='grc' dir='ltr'>ὥς</span> <span class='ocrx_word' id='word_1_90' title='bbox 1794 1098 1958 1163; x_wconf 79' lang='grc' dir='ltr'>αὖτός</span> 
     </span>
     <span class='ocr_line' id='line_1_13' title="bbox 357 1185 1955 1267; baseline 0.002 -23"><span class='ocrx_word' id='word_1_91' title='bbox 357 1188 462 1261; x_wconf 84' lang='grc' dir='ltr'>μὲν</span> <span class='ocrx_word' id='word_1_92' title='bbox 497 1189 715 1266; x_wconf 88' lang='grc' dir='ltr'>γένοιτο</span> <span class='ocrx_word' id='word_1_93' title='bbox 755 1188 970 1267; x_wconf 75' lang='grc' dir='ltr'>Δαρείῳ</span> <span class='ocrx_word' id='word_1_94' title='bbox 1002 1185 1111 1263; x_wconf 84' lang='grc' dir='ltr'>ἤδη</span> <span class='ocrx_word' id='word_1_95' title='bbox 1144 1186 1512 1263; x_wconf 77' lang='grc' dir='ltr'>βασιλεύοντι</span> <span class='ocrx_word' id='word_1_96' title='bbox 1549 1188 1640 1245; x_wconf 86' lang='grc' dir='ltr'>καὶ</span> <span class='ocrx_word' id='word_1_97' title='bbox 1672 1187 1855 1266; x_wconf 80' lang='grc' dir='ltr'>ἔχοντι</span> <span class='ocrx_word' id='word_1_98' title='bbox 1886 1185 1955 1247; x_wconf 81' lang='grc' dir='ltr'>τὸ</span> 
     </span>
     <span class='ocr_line' id='line_1_14' title="bbox 360 1274 1956 1353; baseline 0.003 -22"><span class='ocrx_word' id='word_1_99' title='bbox 360 1274 626 1350; x_wconf 84' lang='grc' dir='ltr'>Περσέων</span> <span class='ocrx_word' id='word_1_100' title='bbox 657 1276 874 1352; x_wconf 86' lang='grc' dir='ltr'>κράτος·</span> <span class='ocrx_word' id='word_1_101' title='bbox 911 1274 1336 1353; x_wconf 84' lang='grc' dir='ltr'>Ἀρταβαζάνης</span> <span class='ocrx_word' id='word_1_102' title='bbox 1371 1274 1431 1333; x_wconf 83' lang='grc' dir='ltr'>δὲ</span> <span class='ocrx_word' id='word_1_103' title='bbox 1468 1277 1546 1335; x_wconf 82' lang='grc' dir='ltr'>ἔτι</span> <span class='ocrx_word' id='word_1_104' title='bbox 1588 1274 1774 1353; x_wconf 71' lang='grc' dir='ltr'>ἰδιώτῃ</span> <span class='ocrx_word' id='word_1_105' title='bbox 1812 1274 1956 1335; x_wconf 82' lang='grc' dir='ltr'>ἐόντι</span> 
     </span>
     <span class='ocr_line' id='line_1_15' title="bbox 359 1359 1957 1441; baseline 0.003 -22"><span class='ocrx_word' id='word_1_106' title='bbox 359 1362 595 1441; x_wconf 77' lang='grc' dir='ltr'>Δαρείῳ·</span> <span class='ocrx_word' id='word_1_107' title='bbox 655 1362 826 1424; x_wconf 76' lang='grc' dir='ltr'>οὔκων</span> <span class='ocrx_word' id='word_1_108' title='bbox 875 1362 1000 1423; x_wconf 77' lang='grc' dir='ltr'>οῧτ”</span> <span class='ocrx_word' id='word_1_109' title='bbox 1031 1361 1181 1425; x_wconf 79' lang='grc' dir='ltr'>οἷκὸς</span> <span class='ocrx_word' id='word_1_110' title='bbox 1223 1362 1307 1437; x_wconf 78' lang='grc' dir='ltr'>εἴη</span> <span class='ocrx_word' id='word_1_111' title='bbox 1348 1359 1473 1421; x_wconf 75' lang='grc' dir='ltr'>οὔτε</span> <span class='ocrx_word' id='word_1_112' title='bbox 1520 1362 1730 1422; x_wconf 85' lang='grc' dir='ltr'>δίκαιον</span> <span class='ocrx_word' id='word_1_113' title='bbox 1775 1361 1957 1424; x_wconf 74' lang='grc' dir='ltr'>ἄλλον</span> 
     </span>
     <span class='ocr_line' id='line_1_16' title="bbox 357 1449 1955 1532; baseline 0.003 -26"><span class='ocrx_word' id='word_1_114' title='bbox 357 1449 480 1509; x_wconf 73' lang='grc' dir='ltr'>τινὰ</span> <span class='ocrx_word' id='word_1_115' title='bbox 525 1450 592 1511; x_wconf 75' lang='grc' dir='ltr'>τὰ</span> <span class='ocrx_word' id='word_1_116' title='bbox 633 1453 801 1532; x_wconf 83' lang='grc' dir='ltr'>γέρας</span> <span class='ocrx_word' id='word_1_117' title='bbox 848 1454 1012 1531; x_wconf 81' lang='grc' dir='ltr'>ἔχειν·</span> <span class='ocrx_word' id='word_1_118' title='bbox 1035 1451 1147 1529; x_wconf 80' lang='grc' dir='ltr'>πρὸ</span> <span class='ocrx_word' id='word_1_119' title='bbox 1204 1452 1425 1509; x_wconf 78' lang='grc' dir='ltr'>ἑωυτοῦ·</span> <span class='ocrx_word' id='word_1_120' title='bbox 1486 1450 1609 1509; x_wconf 85' lang='grc' dir='ltr'>ἐπεί</span> <span class='ocrx_word' id='word_1_121' title='bbox 1646 1476 1712 1532; x_wconf 86' lang='grc' dir='ltr'>γε</span> <span class='ocrx_word' id='word_1_122' title='bbox 1760 1450 1849 1509; x_wconf 86' lang='grc' dir='ltr'>καὶ</span> <span class='ocrx_word' id='word_1_123' title='bbox 1898 1455 1955 1511; x_wconf 92' lang='grc' dir='ltr'>ἐν</span> 
     </span>
     <span class='ocr_line' id='line_1_17' title="bbox 361 1537 1953 1616; baseline 0.001 -18"><span class='ocrx_word' id='word_1_124' title='bbox 361 1538 606 1615; x_wconf 81' lang='grc' dir='ltr'>Σπάρτῃ,</span> <span class='ocrx_word' id='word_1_125' title='bbox 652 1540 760 1615; x_wconf 82' lang='grc' dir='ltr'>ἔφη</span> <span class='ocrx_word' id='word_1_126' title='bbox 801 1539 833 1599; x_wconf 79' lang='grc' dir='ltr'>ὁ</span> <span class='ocrx_word' id='word_1_127' title='bbox 877 1539 1213 1616; x_wconf 80' lang='grc' dir='ltr'>Δημάρητος</span> <span class='ocrx_word' id='word_1_128' title='bbox 1252 1538 1661 1615; x_wconf 74' lang='grc' dir='ltr'>ὑποτιθέμενος,</span> <span class='ocrx_word' id='word_1_129' title='bbox 1695 1537 1835 1598; x_wconf 79' lang='grc' dir='ltr'>οὕτω</span> <span class='ocrx_word' id='word_1_130' title='bbox 1869 1564 1953 1599; x_wconf 86' lang='grc' dir='ltr'>νο-</span> 
     </span>
     <span class='ocr_line' id='line_1_18' title="bbox 358 1624 1956 1733; baseline 0.004 -52"><span class='ocrx_word' id='word_1_131' title='bbox 358 1624 635 1699; x_wconf 77' lang='grc' dir='ltr'>μίξεσθαι,</span> <span class='ocrx_word' id='word_1_132' title='bbox 673 1624 742 1701; x_wconf 83' lang='grc' dir='ltr'>ἢν</span> <span class='ocrx_word' id='word_1_133' title='bbox 779 1630 832 1687; x_wconf 79' lang='grc' dir='ltr'>οἱ</span> <span class='ocrx_word' id='word_1_134' title='bbox 857 1630 960 1703; x_wconf 82' lang='grc' dir='ltr'>μὲν</span> <span class='ocrx_word' id='word_1_135' title='bbox 1001 1624 1406 1733; x_wconf 83' lang='grc' dir='ltr'>προγεγονότες</span> <span class='ocrx_word' id='word_1_136' title='bbox 1442 1627 1573 1687; x_wconf 82' lang='grc' dir='ltr'>ἔωσι</span> <span class='ocrx_word' id='word_1_137' title='bbox 1611 1627 1742 1704; x_wconf 86' lang='grc' dir='ltr'>πρὶν</span> <span class='ocrx_word' id='word_1_138' title='bbox 1781 1626 1817 1701; x_wconf 87' lang='grc' dir='ltr'>ἢ</span> <span class='ocrx_word' id='word_1_139' title='bbox 1857 1627 1956 1687; x_wconf 77' lang='grc' dir='ltr'>τᾶν</span> 
     </span>
     <span class='ocr_line' id='line_1_19' title="bbox 360 1713 1956 1796; baseline 0.004 -29"><span class='ocrx_word' id='word_1_140' title='bbox 360 1713 572 1789; x_wconf 80' lang='grc' dir='ltr'>πατέρα</span> <span class='ocrx_word' id='word_1_141' title='bbox 599 1714 790 1789; x_wconf 84' lang='grc' dir='ltr'>σφέων</span> <span class='ocrx_word' id='word_1_142' title='bbox 814 1717 1185 1791; x_wconf 78' lang='grc' dir='ltr'>βασιλεῦσαι·</span> <span class='ocrx_word' id='word_1_143' title='bbox 1228 1742 1261 1774; x_wconf 93' lang='grc' dir='ltr'>ο</span> <span class='ocrx_word' id='word_1_144' title='bbox 1244 1714 1347 1773; x_wconf 66' lang='grc' dir='ltr'>’δέ</span> <span class='ocrx_word' id='word_1_145' title='bbox 1372 1714 1653 1790; x_wconf 74' lang='grc' dir='ltr'>βασιλωο</span> <span class='ocrx_word' id='word_1_146' title='bbox 1720 1742 1738 1773; x_wconf 91' lang='grc' dir='ltr'>ι</span> <span class='ocrx_word' id='word_1_147' title='bbox 1764 1714 1956 1796; x_wconf 80' lang='grc' dir='ltr'>ὀψίγο-</span> 
     </span>
     <span class='ocr_line' id='line_1_20' title="bbox 361 1742 1956 1887; baseline 0.004 -30"><span class='ocrx_word' id='word_1_148' title='bbox 361 1824 452 1861; x_wconf 90' lang='grc' dir='ltr'>νος</span> <span class='ocrx_word' id='word_1_149' title='bbox 499 1802 829 1882; x_wconf 80' lang='grc' dir='ltr'>ἐπιγένηται,</span> <span class='ocrx_word' id='word_1_150' title='bbox 877 1830 978 1864; x_wconf 88' lang='grc' dir='ltr'>του</span> <span class='ocrx_word' id='word_1_151' title='bbox 1022 1804 1411 1885; x_wconf 87' lang='grc' dir='ltr'>ἐπιγενομένου</span> <span class='ocrx_word' id='word_1_152' title='bbox 1450 1803 1555 1879; x_wconf 80' lang='grc' dir='ltr'>τὴν</span> <span class='ocrx_word' id='word_1_153' title='bbox 1602 1742 1805 1872; x_wconf 58' lang='grc' dir='ltr'>ἕκξέξιν</span> <span class='ocrx_word' id='word_1_154' title='bbox 1856 1807 1956 1887; x_wconf 83' lang='grc' dir='ltr'>τῆς</span> 
     </span>
     <span class='ocr_line' id='line_1_21' title="bbox 357 1888 1954 1972; baseline 0.003 -27"><span class='ocrx_word' id='word_1_155' title='bbox 357 1888 669 1965; x_wconf 89' lang='grc' dir='ltr'>βασιληιης</span> <span class='ocrx_word' id='word_1_156' title='bbox 692 1892 969 1972; x_wconf 76' lang='grc' dir='ltr'>γίνεσθαί.</span> <span class='ocrx_word' id='word_1_157' title='bbox 1026 1891 1389 1970; x_wconf 83' lang='grc' dir='ltr'>χρησαμένου</span> <span class='ocrx_word' id='word_1_158' title='bbox 1416 1892 1475 1950; x_wconf 89' lang='grc' dir='ltr'>δε</span> <span class='ocrx_word' id='word_1_159' title='bbox 1498 1892 1715 1969; x_wconf 81' lang='grc' dir='ltr'>’Ξέρξεω</span> <span class='ocrx_word' id='word_1_160' title='bbox 1742 1895 1812 1970; x_wconf 83' lang='grc' dir='ltr'>τῇ</span> <span class='ocrx_word' id='word_1_161' title='bbox 1841 1898 1954 1967; x_wconf 92' lang='grc' dir='ltr'>Δη-</span> 
     </span>
     <span class='ocr_line' id='line_1_22' title="bbox 357 1975 1950 2060; baseline 0.003 -27"><span class='ocrx_word' id='word_1_162' title='bbox 357 1975 604 2052; x_wconf 82' lang='grc' dir='ltr'>μαρήτου</span> <span class='ocrx_word' id='word_1_163' title='bbox 640 1977 912 2057; x_wconf 85' lang='grc' dir='ltr'>υποθήκῃ,</span> <span class='ocrx_word' id='word_1_164' title='bbox 940 2005 1107 2060; x_wconf 90' lang='grc' dir='ltr'>γνους</span> <span class='ocrx_word' id='word_1_165' title='bbox 1138 2005 1169 2038; x_wconf 94' lang='grc' dir='ltr'>ο</span> <span class='ocrx_word' id='word_1_166' title='bbox 1208 1983 1444 2055; x_wconf 79' lang='grc' dir='ltr'>Δαρεῖος</span> <span class='ocrx_word' id='word_1_167' title='bbox 1471 1977 1541 2041; x_wconf 77' lang='grc' dir='ltr'>ὥς</span> <span class='ocrx_word' id='word_1_168' title='bbox 1566 1980 1726 2060; x_wconf 88' lang='grc' dir='ltr'>λέγοι</span> <span class='ocrx_word' id='word_1_169' title='bbox 1751 1979 1950 2051; x_wconf 87' lang='grc' dir='ltr'>δίκαια,</span> 
     </span>
     <span class='ocr_line' id='line_1_23' title="bbox 356 2065 1956 2144; baseline 0.003 -22"><span class='ocrx_word' id='word_1_170' title='bbox 356 2065 610 2138; x_wconf 83' lang='grc' dir='ltr'>βασιλέα</span> <span class='ocrx_word' id='word_1_171' title='bbox 634 2092 732 2143; x_wconf 88' lang='grc' dir='ltr'>μιν</span> <span class='ocrx_word' id='word_1_172' title='bbox 757 2067 998 2136; x_wconf 75' lang='grc' dir='ltr'>ἀπέδεξε.</span> <span class='ocrx_word' id='word_1_173' title='bbox 1072 2068 1247 2125; x_wconf 84' lang='grc' dir='ltr'>δοκέει</span> <span class='ocrx_word' id='word_1_174' title='bbox 1274 2068 1335 2126; x_wconf 90' lang='grc' dir='ltr'>δέ</span> <span class='ocrx_word' id='word_1_175' title='bbox 1358 2092 1456 2143; x_wconf 87' lang='grc' dir='ltr'>μοι</span> <span class='ocrx_word' id='word_1_176' title='bbox 1483 2067 1575 2125; x_wconf 78' lang='grc' dir='ltr'>καὶ</span> <span class='ocrx_word' id='word_1_177' title='bbox 1601 2066 1729 2127; x_wconf 74' lang='grc' dir='ltr'>ἄνευ</span> <span class='ocrx_word' id='word_1_178' title='bbox 1754 2067 1956 2144; x_wconf 76' lang='grc' dir='ltr'>ταύτης</span> 
     </span>
     <span class='ocr_line' id='line_1_24' title="bbox 355 2152 1953 2235; baseline 0 -20"><span class='ocrx_word' id='word_1_179' title='bbox 355 2155 456 2226; x_wconf 67' lang='grc' dir='ltr'>τῆς</span> <span class='ocrx_word' id='word_1_180' title='bbox 479 2152 763 2229; x_wconf 78' lang='grc' dir='ltr'>ὖποθήκης</span> <span class='ocrx_word' id='word_1_181' title='bbox 780 2157 1135 2230; x_wconf 86' lang='grc' dir='ltr'>βασιλεῦσαι</span> <span class='ocrx_word' id='word_1_182' title='bbox 1159 2152 1227 2214; x_wconf 79' lang='grc' dir='ltr'>ἂν</span> <span class='ocrx_word' id='word_1_183' title='bbox 1250 2154 1477 2231; x_wconf 80' lang='grc' dir='ltr'>Ξέρξης·</span> <span class='ocrx_word' id='word_1_184' title='bbox 1505 2155 1544 2231; x_wconf 83' lang='grc' dir='ltr'><em>ἦ</em></span> <span class='ocrx_word' id='word_1_185' title='bbox 1568 2154 1679 2235; x_wconf 73' lang='grc' dir='ltr'>γσῖρ</span> <span class='ocrx_word' id='word_1_186' title='bbox 1688 2154 1953 2215; x_wconf 69' lang='grc' dir='ltr'>Ἀτοσσα</span> 
     </span>
     <span class='ocr_line' id='line_1_25' title="bbox 359 2239 939 2319; baseline 0.01 -22"><span class='ocrx_word' id='word_1_187' title='bbox 359 2239 474 2318; x_wconf 85' lang='grc' dir='ltr'>εἶχε</span> <span class='ocrx_word' id='word_1_188' title='bbox 496 2241 564 2301; x_wconf 79' lang='grc' dir='ltr'><em>τό</em></span> <span class='ocrx_word' id='word_1_189' title='bbox 585 2247 698 2302; x_wconf 81' lang='grc' dir='ltr'>πᾶν</span> <span class='ocrx_word' id='word_1_190' title='bbox 724 2243 939 2319; x_wconf 87' lang='grc' dir='ltr'>κράτος.</span> 
     </span>
    </p>

    <p class='ocr_par' dir='ltr' id='par_1_3' title="bbox 352 2327 2020 3107">
     <span class='ocr_line' id='line_1_26' title="bbox 435 2327 2020 2410; baseline 0.003 -24"><span class='ocrx_word' id='word_1_191' title='bbox 435 2327 741 2398; x_wconf 80' lang='grc' dir='ltr'>Ἀποδέξας</span> <span class='ocrx_word' id='word_1_192' title='bbox 777 2331 836 2389; x_wconf 79' lang='grc' dir='ltr'>δὲ</span> <span class='ocrx_word' id='word_1_193' title='bbox 869 2332 1123 2406; x_wconf 84' lang='grc' dir='ltr'>βασιλέα</span> <span class='ocrx_word' id='word_1_194' title='bbox 1160 2334 1426 2410; x_wconf 88' lang='grc' dir='ltr'>Πέρσῃσι</span> <span class='ocrx_word' id='word_1_195' title='bbox 1464 2336 1699 2408; x_wconf 77' lang='grc' dir='ltr'>Δαρεῖος</span> <span class='ocrx_word' id='word_1_196' title='bbox 1730 2333 1955 2408; x_wconf 71' lang='grc' dir='ltr'>Ξέρξεα,</span> <span class='ocrx_word' id='word_1_197' title='bbox 1982 2334 2020 2391; x_wconf 85' lang='grc'>4</span> 
     </span>
     <span class='ocr_line' id='line_1_27' title="bbox 357 2416 1953 2501; baseline 0.003 -29"><span class='ocrx_word' id='word_1_198' title='bbox 357 2416 570 2491; x_wconf 79' lang='grc' dir='ltr'>ὅρμητο</span> <span class='ocrx_word' id='word_1_199' title='bbox 604 2418 1029 2495; x_wconf 84' lang='grc' dir='ltr'>στρατεύεσθαι·</span> <span class='ocrx_word' id='word_1_200' title='bbox 1073 2418 1227 2477; x_wconf 74' lang='grc' dir='ltr'>ἀλλὰ</span> <span class='ocrx_word' id='word_1_201' title='bbox 1262 2420 1372 2501; x_wconf 76' lang='grc' dir='ltr'>γὰρ</span> <span class='ocrx_word' id='word_1_202' title='bbox 1404 2418 1546 2495; x_wconf 84' lang='grc' dir='ltr'>μετοὶ</span> <span class='ocrx_word' id='word_1_203' title='bbox 1571 2417 1747 2476; x_wconf 79' lang='grc' dir='ltr'>ταῦτά</span> <span class='ocrx_word' id='word_1_204' title='bbox 1772 2445 1834 2477; x_wconf 90' lang='grc' dir='ltr'>τε</span> <span class='ocrx_word' id='word_1_205' title='bbox 1863 2420 1953 2477; x_wconf 85' lang='grc' dir='ltr'>καὶ</span> 
     </span>
     <span class='ocr_line' id='line_1_28' title="bbox 357 2504 1949 2585; baseline 0.003 -24"><span class='ocrx_word' id='word_1_206' title='bbox 357 2504 643 2583; x_wconf 73' lang='grc' dir='ltr'>Αἰγύπτου</span> <span class='ocrx_word' id='word_1_207' title='bbox 673 2505 993 2566; x_wconf 71' lang='grc' dir='ltr'>ἀπόστασιν</span> <span class='ocrx_word' id='word_1_208' title='bbox 1030 2510 1109 2585; x_wconf 71' lang='grc' dir='ltr'>τῷ</span> <span class='ocrx_word' id='word_1_209' title='bbox 1148 2507 1360 2585; x_wconf 66' lang='grc' dir='ltr'>ὑστέρῳ</span> <span class='ocrx_word' id='word_1_210' title='bbox 1388 2508 1497 2565; x_wconf 78' lang='grc' dir='ltr'>ἔτεῖ</span> <span class='ocrx_word' id='word_1_211' title='bbox 1531 2508 1949 2582; x_wconf 85' lang='grc' dir='ltr'>παρασκευαζό-</span> 
     </span>
     <span class='ocr_line' id='line_1_29' title="bbox 353 2593 1953 2672; baseline 0.003 -21"><span class='ocrx_word' id='word_1_212' title='bbox 353 2617 520 2666; x_wconf 87' lang='grc' dir='ltr'>μενον</span> <span class='ocrx_word' id='word_1_213' title='bbox 563 2594 846 2669; x_wconf 83' lang='grc' dir='ltr'>συνήνεικε</span> <span class='ocrx_word' id='word_1_214' title='bbox 893 2595 1062 2655; x_wconf 73' lang='grc' dir='ltr'>αὐτὸν</span> <span class='ocrx_word' id='word_1_215' title='bbox 1110 2599 1347 2672; x_wconf 85' lang='grc' dir='ltr'>Δαρεῖον</span> <span class='ocrx_word' id='word_1_216' title='bbox 1401 2593 1827 2671; x_wconf 81' lang='grc' dir='ltr'>βασιλεύσαντα</span> <span class='ocrx_word' id='word_1_217' title='bbox 1881 2595 1953 2655; x_wconf 58' lang='lat' dir='ltr'>*rot</span> 
     </span>
     <span class='ocr_line' id='line_1_30' title="bbox 353 2678 1951 2761; baseline 0.004 -24"><span class='ocrx_word' id='word_1_218' title='bbox 353 2678 534 2739; x_wconf 80' lang='grc' dir='ltr'>πάντα</span> <span class='ocrx_word' id='word_1_219' title='bbox 572 2684 694 2741; x_wconf 84' lang='grc' dir='ltr'>ἔτεα</span> <span class='ocrx_word' id='word_1_220' title='bbox 732 2684 792 2753; x_wconf 78' lang='grc' dir='ltr'>ἐξ</span> <span class='ocrx_word' id='word_1_221' title='bbox 823 2709 886 2743; x_wconf 91' lang='grc' dir='ltr'>τε</span> <span class='ocrx_word' id='word_1_222' title='bbox 923 2684 1015 2742; x_wconf 82' lang='grc' dir='ltr'>καὶ</span> <span class='ocrx_word' id='word_1_223' title='bbox 1040 2683 1353 2761; x_wconf 86' lang='grc' dir='ltr'>τριήκοντα,</span> <span class='ocrx_word' id='word_1_224' title='bbox 1387 2683 1701 2753; x_wconf 75' lang='grc' dir='ltr'>ἀποθανεῖν,</span> <span class='ocrx_word' id='word_1_225' title='bbox 1738 2683 1865 2743; x_wconf 74' lang='grc' dir='ltr'>οὐδέ</span> <span class='ocrx_word' id='word_1_226' title='bbox 1898 2686 1951 2743; x_wconf 84' lang='grc' dir='ltr'>οἶ</span> 
     </span>
     <span class='ocr_line' id='line_1_31' title="bbox 354 2768 1950 2852; baseline 0.003 -26"><span class='ocrx_word' id='word_1_227' title='bbox 354 2768 630 2849; x_wconf 81' lang='grc' dir='ltr'>ἐξεγένετο</span> <span class='ocrx_word' id='word_1_228' title='bbox 681 2771 808 2831; x_wconf 74' lang='grc' dir='ltr'>οὔτε</span> <span class='ocrx_word' id='word_1_229' title='bbox 860 2774 988 2837; x_wconf 74' lang='grc' dir='ltr'>τούς</span> <span class='ocrx_word' id='word_1_230' title='bbox 1036 2772 1390 2833; x_wconf 82' lang='grc' dir='ltr'>οἷπεστεῶτας</span> <span class='ocrx_word' id='word_1_231' title='bbox 1438 2773 1771 2852; x_wconf 80' lang='grc' dir='ltr'>Αἰγυπτίους</span> <span class='ocrx_word' id='word_1_232' title='bbox 1825 2772 1950 2831; x_wconf 78' lang='grc' dir='ltr'>οὔτε</span> 
     </span>
     <span class='ocr_line' id='line_1_32' title="bbox 353 2853 1949 2937; baseline 0.004 -24"><span class='ocrx_word' id='word_1_233' title='bbox 353 2853 679 2932; x_wconf 83' lang='grc' dir='ltr'>Ἀθηναίους</span> <span class='ocrx_word' id='word_1_234' title='bbox 713 2862 1163 2937; x_wconf 87' lang='grc' dir='ltr'>τιμωρήσασθαι·</span> <span class='ocrx_word' id='word_1_235' title='bbox 1206 2859 1582 2921; x_wconf 77' lang='grc' dir='ltr'>ἀποθανόντος</span> <span class='ocrx_word' id='word_1_236' title='bbox 1608 2861 1667 2918; x_wconf 77' lang='grc' dir='ltr'>δὲ</span> <span class='ocrx_word' id='word_1_237' title='bbox 1694 2860 1949 2935; x_wconf 87' lang='grc' dir='ltr'>Δαρείου,</span> 
     </span>
     <span class='ocr_line' id='line_1_33' title="bbox 352 2942 1951 3027; baseline 0.001 -23"><span class='ocrx_word' id='word_1_238' title='bbox 352 2942 389 3018; x_wconf 81' lang='grc' dir='ltr'><em>ἤ</em></span> <span class='ocrx_word' id='word_1_239' title='bbox 441 2947 722 3022; x_wconf 65' lang='grc' dir='ltr'>βασιληίη</span> <span class='ocrx_word' id='word_1_240' title='bbox 777 2947 1096 3027; x_wconf 73' lang='grc' dir='ltr'>ἀνεχώρησε</span> <span class='ocrx_word' id='word_1_241' title='bbox 1140 2952 1195 3010; x_wconf 89' lang='grc' dir='ltr'>ἐς</span> <span class='ocrx_word' id='word_1_242' title='bbox 1235 2948 1335 3007; x_wconf 78' lang='grc' dir='ltr'>τᾶν</span> <span class='ocrx_word' id='word_1_243' title='bbox 1381 2947 1553 3005; x_wconf 83' lang='grc' dir='ltr'>παῖδα</span> <span class='ocrx_word' id='word_1_244' title='bbox 1597 2946 1699 3006; x_wconf 75' lang='grc' dir='ltr'>τᾶν</span> <span class='ocrx_word' id='word_1_245' title='bbox 1746 2948 1951 3006; x_wconf 89' lang='grc' dir='ltr'>ἐκείνου</span> 
     </span>
     <span class='ocr_line' id='line_1_34' title="bbox 352 3034 578 3107; baseline -0.004 -14"><span class='ocrx_word' id='word_1_246' title='bbox 352 3034 578 3107; x_wconf 78' lang='grc' dir='ltr'>Ξέρξεα.</span> 
     </span>
    </p>

    <p class='ocr_par' dir='ltr' id='par_1_4' title="bbox 349 3120 2018 3376">
     <span class='ocr_line' id='line_1_35' title="bbox 430 3120 2018 3199; baseline 0.001 -20"><span class='ocrx_word' id='word_1_247' title='bbox 430 3120 498 3179; x_wconf 88' lang='grc' dir='ltr'>Ὁ</span> <span class='ocrx_word' id='word_1_248' title='bbox 540 3123 722 3181; x_wconf 81' lang='grc' dir='ltr'>τοίνυν</span> <span class='ocrx_word' id='word_1_249' title='bbox 763 3123 971 3198; x_wconf 81' lang='grc' dir='ltr'>Ξέρξης</span> <span class='ocrx_word' id='word_1_250' title='bbox 1005 3123 1096 3179; x_wconf 82' lang='grc' dir='ltr'>ἐπὶ</span> <span class='ocrx_word' id='word_1_251' title='bbox 1132 3126 1235 3198; x_wconf 80' lang='grc' dir='ltr'>μὲν</span> <span class='ocrx_word' id='word_1_252' title='bbox 1270 3124 1373 3199; x_wconf 71' lang='grc' dir='ltr'>τήν</span> <span class='ocrx_word' id='word_1_253' title='bbox 1407 3124 1661 3182; x_wconf 87' lang='grc' dir='ltr'>Ἑλλάδα</span> <span class='ocrx_word' id='word_1_254' title='bbox 1702 3122 1956 3198; x_wconf 71' lang='grc' dir='ltr'>οὐδαμῶς</span> <span class='ocrx_word' id='word_1_255' title='bbox 1980 3126 2018 3180; x_wconf 86' lang='grc'><strong><em>5</em></strong></span> 
     </span>
     <span class='ocr_line' id='line_1_36' title="bbox 349 3209 1948 3290; baseline 0.002 -25"><span class='ocrx_word' id='word_1_256' title='bbox 349 3210 636 3287; x_wconf 85' lang='grc' dir='ltr'>πρόθυμος</span> <span class='ocrx_word' id='word_1_257' title='bbox 661 3209 730 3283; x_wconf 87' lang='grc' dir='ltr'>ἦν</span> <span class='ocrx_word' id='word_1_258' title='bbox 759 3209 874 3269; x_wconf 82' lang='grc' dir='ltr'>κατ’</span> <span class='ocrx_word' id='word_1_259' title='bbox 905 3210 1080 3287; x_wconf 76' lang='grc' dir='ltr'>άρχᾶς</span> <span class='ocrx_word' id='word_1_260' title='bbox 1107 3212 1527 3284; x_wconf 80' lang='grc' dir='ltr'>στρατεύεσθαι,</span> <span class='ocrx_word' id='word_1_261' title='bbox 1553 3212 1723 3285; x_wconf 52' lang='grc' dir='ltr'>ἐπὴδὲ</span> <span class='ocrx_word' id='word_1_262' title='bbox 1744 3213 1948 3290; x_wconf 85' lang='grc' dir='ltr'>Αἴγυπ-</span> 
     </span>
     <span class='ocr_line' id='line_1_37' title="bbox 353 3297 1946 3376; baseline 0.003 -26"><span class='ocrx_word' id='word_1_263' title='bbox 353 3316 445 3353; x_wconf 86' lang='grc' dir='ltr'>τον</span> <span class='ocrx_word' id='word_1_264' title='bbox 479 3297 725 3355; x_wconf 80' lang='grc' dir='ltr'>ἐποιέετο</span> <span class='ocrx_word' id='word_1_265' title='bbox 763 3303 1029 3372; x_wconf 85' lang='grc' dir='ltr'>στρατιῆς</span> <span class='ocrx_word' id='word_1_266' title='bbox 1060 3297 1310 3375; x_wconf 78' lang='grc' dir='ltr'>ἄγερσιν·</span> <span class='ocrx_word' id='word_1_267' title='bbox 1339 3300 1557 3376; x_wconf 67' lang='grc' dir='ltr'>παρεών</span> <span class='ocrx_word' id='word_1_268' title='bbox 1584 3301 1642 3357; x_wconf 85' lang='grc' dir='ltr'>δὲ</span> <span class='ocrx_word' id='word_1_269' title='bbox 1672 3302 1761 3357; x_wconf 83' lang='grc' dir='ltr'>καὶ</span> <span class='ocrx_word' id='word_1_270' title='bbox 1795 3300 1946 3358; x_wconf 73' lang='grc' dir='ltr'>δυνά-</span> 
     </span>
    </p>
   </div>
  </div>
 </body>
</html>
