2192 3409
287 137 567 202 188—191]
905 134 1275 186 noATMNIA.
1787 140 1880 187 199

285 219 397 277 δὲ’
372 244 426 280 ες
448 216 817 305 Κασθαναίην
842 215 1286 293 ἐξεβράσσοντο·
1323 214 1395 291 ἦν
1411 240 1474 275 τε
1493 218 1594 275 τοῦ
1617 220 1888 295 χειμῶνος

282 311 477 385 χρῆμα
504 300 811 383 ἀφόρητον.
894 305 1134 385 Λέγεται
1159 304 1218 363 δὲ
1250 302 1452 383 λόγος,ι
1467 302 1536 367 ὦς
1559 301 1844 379 Ἀθηναῖοι
1865 307 1977 363 189

282 394 381 453 τὸν
423 398 612 472 Βορῆν
651 398 711 452 ἐκ
760 393 1100 470 θεοπροπίου
1154 391 1582 461 ἐπεκαλέσαντο,
1627 390 1885 454 ἐλθόντος

285 489 395 558 σφι
437 482 619 542 ἄλλου
660 483 1005 561 χρηστηρίου
1038 480 1138 540 τᾶν
1176 478 1440 559 γαμβρόν
1476 480 1764 556 ἐπίκουρον
1791 505 1883 537 κα-

284 571 590 631 λέσασθαι·
658 573 841 646 Βορῆς
889 568 961 640 δὲ,
1016 566 1156 627 κατὰ
1207 566 1308 627 τδν
1358 565 1646 641 Ἑλλήνων
1691 566 1882 647 λόγον,

286 660 398 737 ἔχει
456 661 692 740 γυναῖκα
743 653 1003 731 Ἀττικὴν
1054 655 1367 731 Ὠρείθυιαν
1417 653 1522 730 τήν
1570 654 1882 733 Ἐρεχθέος·

286 747 423 805 κατὰ
462 745 531 821 δή
567 746 634 807 τὸ
672 746 835 821 κῆδος
858 742 1035 804 ’τοῦτο
1068 745 1122 802 οἱ
1151 741 1456 851 Ἀθηναῖοι,
1485 740 1557 804 ὦς
1593 743 1760 817 φάτις
1785 741 1886 820 ὦρ-

282 860 470 909 μ,ηται
529 833 1007 911 συμβαλλόμενοί
1060 836 1175 905 σφι
1222 829 1321 890 τόν
1373 834 1562 907 Βορῆν
1619 831 1886 910 γαμβρον

286 921 440 991 εἶναι,
496 920 892 1010 ναυλοχέοντες
942 924 1043 995 τῆς
1085 918 1342 995 Εὐβοίης
1393 922 1451 976 ἐν
1502 918 1761 987 Χαλκίδι,
1816 944 1888 982 ως

286 1010 494 1085 ἔμαθον
526 1005 827 1087 αυξόμενον
863 1009 962 1069 τόν
1001 1011 1265 1086 χειμῶνα,
1291 1004 1352 1086 (ἢ
1379 1006 1472 1063 καὶ
1496 1005 1606 1083 πρό
1641 1005 1884 1087 τούτου,)

286 1096 514 1156 ἐθύοντό
548 1122 611 1155 τε
644 1098 737 1156 καὶ
772 1094 1140 1156 ἔπεκαλέοπο
1181 1094 1282 1154 τόν
1322 1120 1384 1154 τε
1420 1098 1607 1170 Βορῆν
1650 1093 1742 1151 καὶ
1779 1093 1885 1169 τήν

284 1180 613 1261 Ὠρείθυιαν,
641 1178 961 1263 τιμωρῆσαί
988 1189 1102 1260 σφι
1134 1182 1225 1242 καὶ
1261 1183 1582 1257 διαφθεῖραι
1609 1185 1719 1241 τῶν
1741 1182 1884 1258 βαρ·

282 1270 481 1348 βάρων
518 1273 618 1335 τοῖς
656 1273 796 1343 νέας,
838 1272 909 1336 ὥς
949 1273 1041 1332 καὶ
1080 1269 1352 1349 πρότερον
1391 1270 1518 1346 περὶ
1548 1268 1756 1329 Ἀθων.
1839 1273 1887 1328 εἰ

283 1360 387 1433 μέν
440 1386 536 1421 νυν
590 1359 681 1420 δισῖ
720 1365 894 1421 ταῦτα
946 1364 1101 1420 τοῖσι
1145 1355 1504 1437 βαρβοίροισι
1544 1356 1812 1435 ὁρμέουσι
1851 1357 1884 1417 6

284 1449 467 1524 βορῆς
509 1443 767 1520 ἐπέπεσε,
796 1449 897 1508 οὐκ
938 1450 1047 1527 ἔχω
1088 1450 1281 1507 εἰπεῖν·
1323 1472 1378 1505 οι
1413 1444 1457 1504 δ’
1501 1470 1576 1505 ων
1598 1444 1890 1520 Ἀθηναῖοί

285 1541 397 1645 σφι
438 1538 675 1616 λέγουσι
708 1536 1085 1616 βοηθήσαντα
1116 1536 1216 1595 τὸν
1247 1538 1436 1612 Βορῆν
1465 1532 1750 1611 πρότερον,
1793 1533 1888 1592 καὶ

283 1620 413 1682 τότε
464 1627 643 1683 ε’κεῖνα
690 1619 1170 1739 κατεργάσασθαι·
1236 1622 1329 1682 καὶ
1377 1620 1495 1699 ἶρον
1547 1620 1886 1685 ἀπελθόντες

286 1711 477 1787 Βορέω
506 1711 801 1789 ἱδρύσαντο
827 1712 982 1791 παρὰ.
1006 1710 1266 1791 ποταμόν
1286 1709 1557 1771 Ἰλισσόν.

383 1797 481 1873 Ἐν
506 1826 682 1880 τουτω
717 1806 795 1880 τῷ
820 1801 973 1881 πόνῳ
1002 1802 1131 1864 νέας
1169 1800 1224 1906 οἳ
1264 1800 1569 1878 ἐλαχίστας
1608 1800 1844 1880 λέγουσι
1863 1801 1980 1858 190

286 1860 680 1966 διαφθαρῆναι,
700 1889 1104 1967 τετρακοσιέων
1125 1914 1230 1947 ουκ
1255 1888 1574 1950 ἐλάσσονας
1599 1884 1799 1963 ἄνδρας
1821 1911 1885 1945 τε

285 1974 708 2053 ἀναριθμήτους,
745 1977 1047 2057 χρημάτων
1074 2002 1139 2037 τε
1157 1975 1396 2051 πλῆθος
1427 1974 1700 2051 ἄφθονον·
1739 2000 1886 2035 ωστε

283 2061 637 2139 Ἀμεινοκλέῖ
658 2071 736 2145 τῷ
773 2067 1059 2143 Κρητίνεω
1092 2064 1253 2142 ανδρὶ
1287 2062 1566 2144 Μάγνητι,
1591 2064 1886 2144 γηοχέοντι

284 2152 411 2229 περὶ
452 2153 723 2229 Σηπιάδα,
760 2154 1019 2235 μεγάλως
1048 2153 1088 2230 ἦ
1125 2152 1360 2261 ναυηγίη
1387 2152 1610 2262 ἐγένετο,
1637 2151 1884 2259 χρηστή·

285 2262 347 2300 ος
390 2240 584 2298 πολλα
629 2244 732 2317 μὲν
772 2240 991 2319 χρυσεα
1034 2240 1276 2317 ποτήρια
1318 2238 1533 2318 υστέρῳ
1571 2238 1754 2317 χρόνῳ
1799 2244 1886 2297 ἐκ·

284 2325 665 2402 βρασσόμενα
690 2326 957 2397 ἀνείλετο,
978 2328 1172 2387 πολλα
1198 2325 1314 2386 δὲ’
1275 2326 1536 2407 αργύρεα·
1569 2324 1886 2401 θησαυρούς

284 2435 349 2470 τε
379 2416 491 2472 τῶν
516 2415 785 2497 Περσέων
823 2440 961 2492 ευρε,
989 2414 1143 2475 ἄλλα
1182 2440 1244 2475 τε
1282 2438 1498 2492 χρυσεα
1527 2410 1720 2487 αφατα
1748 2412 1886 2517 χρή-

285 2524 438 2575 ματα
462 2492 929 2579 περιεβαλλετο.
976 2502 1131 2582 (ἀλλ’
1169 2502 1200 2561 6
1235 2504 1341 2578 μὲν
1372 2499 1562 2560 τᾶλλα
1597 2524 1698 2557 ουκ
1731 2498 1882 2559 εὐτυ-

282 2588 444 2667 χέων,
482 2589 759 2667 εὑρήμασι
792 2590 941 2671 μέγα
974 2588 1254 2652 πλούσιος
1285 2589 1524 2667 ἐγένετο·
1545 2585 1634 2662 -ἦν
1663 2612 1776 2667 γαρ
1798 2613 1886 2651 τις

284 2674 376 2733 καὶ
418 2681 618 2738 τοῦτον
657 2677 857 2758 ἄχαρις
892 2677 1164 2755 συμφορή
1203 2676 1464 2734 λυπεῦσα
1496 2673 1884 2756 παιδοφόνος.)
1979 2688 1990 2700 ·

285 2758 617 2847 Σιταγωγῶν
670 2767 729 2826 δὲ
780 2762 1034 2826 ὁλκάδων
1087 2765 1181 2823 καὶ
1225 2766 1334 2822 τῶν
1386 2759 1578 2823 ἄλλων
1627 2764 1842 2823 πλοίων
1862 2765 1970 2823 191
2031 2778 2036 2783 “

284 2850 753 2937 διαφθειρομένων
792 2852 891 2913 οὔκ
931 2857 1073 2929 ἐτι-ἣν
1105 2849 1360 2930 ἀριθμός·
1416 2847 1563 2910 ὥστε
1602 2850 1884 2913 δείσαντες

284 2942 338 2997 οἶ
339 2942 671 3051 στρατηγοὶ
695 2945 796 3002 τοῦ
820 2945 1079 3002 ναυτικοῦ
1111 2940 1357 3017 στρατοῦ
1386 2936 1469 3013 μή
1505 2943 1618 3013 σφι
1649 2962 1882 2995 κεκακω-

280 3029 504 3102 μένοισι
550 3030 872 3090 ἐπιθέωνται
911 3033 965 3089 oz
1003 3024 1311 3097 Θεσσαλοὶ,
1359 3024 1514 3101 ἕρκος
1551 3022 1774 3100 υψηλὸν
1819 3027 1879 3082 ἐκ

281 3119 393 3174 τῶν
430 3117 705 3198 ναυηγίων
748 3117 1175 3194 περιεβάλοντο·
1229 3111 1440 3189 ημέρας
1478 3110 1588 3190 γὰρ
1629 3109 1698 3184 δη
1741 3111 1878 3188 ε’χεί-

281 3204 423 3278 μαζε
446 3207 613 3282 τρεῖς·
653 3204 819 3267 τέλος
842 3204 918 3274 δὲ,
947 3204 1149 3280 ἔντομά
1167 3227 1228 3261 τε
1248 3203 1528 3259 ποιεῦντες
1556 3196 1648 3255 καὶ
1668 3198 1882 3256 καταεί-

283 3288 471 3354 δοντες
492 3290 667 3370 γόησι
702 3293 779 3368 τῷ
804 3290 985 3367 ἀνέμῳ
1020 3294 1073 3348 οἱ
1106 3288 1318 3368 Μαγοι,
1345 3284 1486 3363 πρός
1520 3310 1582 3345 τε
1613 3284 1879 3379 τούτοισι,
