<?xml version="1.0" encoding="UTF-8"?>
<!DOCTYPE html PUBLIC "-//W3C//DTD XHTML 1.0 Transitional//EN"
    "http://www.w3.org/TR/xhtml1/DTD/xhtml1-transitional.dtd">
<html xmlns="http://www.w3.org/1999/xhtml" xml:lang="en" lang="en">
 <head>
  <title>
</title>
<meta http-equiv="Content-Type" content="text/html;charset=utf-8" />
  <meta name='ocr-system' content='tesseract 3.04.00' />
  <meta name='ocr-capabilities' content='ocr_page ocr_carea ocr_par ocr_line ocrx_word'/>
</head>
<body>
  <div class='ocr_page' id='page_1' title='image "./herodotus14herogoog_0075.png"; bbox 0 0 2192 3409; ppageno 0'>
   <div class='ocr_carea' id='block_1_1' title="bbox 300 102 2007 3332">
    <p class='ocr_par' dir='ltr' id='par_1_1' title="bbox 315 102 2007 1055">
     <span class='ocr_line' id='line_1_1' title="bbox 321 102 1912 174; baseline -0.004 -11"><span class='ocrx_word' id='word_1_1' title='bbox 321 108 540 174; x_wconf 59' lang='grc' dir='ltr'>εει-26]</span> <span class='ocrx_word' id='word_1_2' title='bbox 1005 102 1251 156; x_wconf 64' lang='lat' dir='ltr'>mmm·</span> <span class='ocrx_word' id='word_1_3' title='bbox 1851 110 1912 159; x_wconf 80' lang='lat'>67</span> 
     </span>
     <span class='ocr_line' id='line_1_2' title="bbox 317 183 1916 268; baseline -0.001 -19"><span class='ocrx_word' id='word_1_4' title='bbox 317 190 616 268; x_wconf 81' lang='grc' dir='ltr'><strong>προέδωκε.</strong></span> <span class='ocrx_word' id='word_1_5' title='bbox 697 184 904 265; x_wconf 74' lang='grc' dir='ltr'>μισθὸς</span> <span class='ocrx_word' id='word_1_6' title='bbox 938 187 1001 247; x_wconf 90' lang='grc' dir='ltr'>δέ</span> <span class='ocrx_word' id='word_1_7' title='bbox 1026 190 1080 247; x_wconf 79' lang='grc' dir='ltr'>οἱ</span> <span class='ocrx_word' id='word_1_8' title='bbox 1106 186 1177 262; x_wconf 84' lang='grc' dir='ltr'>ἦν</span> <span class='ocrx_word' id='word_1_9' title='bbox 1203 183 1485 264; x_wconf 74' lang='grc' dir='ltr'>εἰρημένος</span> <span class='ocrx_word' id='word_1_10' title='bbox 1520 184 1615 245; x_wconf 82' lang='grc' dir='ltr'>ὅδε</span> <span class='ocrx_word' id='word_1_11' title='bbox 1652 185 1765 247; x_wconf 80' lang='grc' dir='ltr'>ὖπὸ</span> <span class='ocrx_word' id='word_1_12' title='bbox 1803 190 1916 248; x_wconf 75' lang='grc' dir='ltr'>τῶν</span> 
     </span>
     <span class='ocr_line' id='line_1_3' title="bbox 319 272 1911 354; baseline -0.002 -18"><span class='ocrx_word' id='word_1_13' title='bbox 319 278 560 354; x_wconf 81' lang='grc' dir='ltr'>Σαμίων,</span> <span class='ocrx_word' id='word_1_14' title='bbox 601 276 822 338; x_wconf 85' lang='grc' dir='ltr'>πάντων</span> <span class='ocrx_word' id='word_1_15' title='bbox 862 280 973 336; x_wconf 78' lang='grc' dir='ltr'>τῶν</span> <span class='ocrx_word' id='word_1_16' title='bbox 1015 275 1265 334; x_wconf 76' lang='grc' dir='ltr'>ἐπίπλων</span> <span class='ocrx_word' id='word_1_17' title='bbox 1305 273 1399 332; x_wconf 85' lang='grc' dir='ltr'>καὶ</span> <span class='ocrx_word' id='word_1_18' title='bbox 1444 272 1803 351; x_wconf 68' lang='grc' dir='ltr'>ἀνδραπόδων</span> <span class='ocrx_word' id='word_1_19' title='bbox 1841 274 1911 334; x_wconf 77' lang='grc' dir='ltr'>τοὶ</span> 
     </span>
     <span class='ocr_line' id='line_1_4' title="bbox 317 359 1915 443; baseline -0.003 -18"><span class='ocrx_word' id='word_1_20' title='bbox 317 364 528 442; x_wconf 81' lang='grc' dir='ltr'>ἤμίσεα</span> <span class='ocrx_word' id='word_1_21' title='bbox 569 365 918 443; x_wconf 82' lang='grc' dir='ltr'>μεταλαβεῖν</span> <span class='ocrx_word' id='word_1_22' title='bbox 951 366 1062 423; x_wconf 81' lang='grc' dir='ltr'>τῶν</span> <span class='ocrx_word' id='word_1_23' title='bbox 1098 367 1157 422; x_wconf 89' lang='grc' dir='ltr'>ἐν</span> <span class='ocrx_word' id='word_1_24' title='bbox 1196 365 1268 441; x_wconf 72' lang='grc' dir='ltr'>τῇ</span> <span class='ocrx_word' id='word_1_25' title='bbox 1308 359 1462 431; x_wconf 85' lang='grc' dir='ltr'>πόλι,</span> <span class='ocrx_word' id='word_1_26' title='bbox 1488 360 1559 421; x_wconf 67' lang='grc' dir='ltr'>τά</span> <span class='ocrx_word' id='word_1_27' title='bbox 1602 360 1647 421; x_wconf 86' lang='grc' dir='ltr'>δ’</span> <span class='ocrx_word' id='word_1_28' title='bbox 1675 362 1766 421; x_wconf 87' lang='grc' dir='ltr'>ἐπὶ</span> <span class='ocrx_word' id='word_1_29' title='bbox 1804 365 1915 421; x_wconf 83' lang='grc' dir='ltr'>τῶν</span> 
     </span>
     <span class='ocr_line' id='line_1_5' title="bbox 318 448 1912 562; baseline -0.003 -49"><span class='ocrx_word' id='word_1_30' title='bbox 318 452 503 534; x_wconf 75' lang='grc' dir='ltr'>ἀγρῶν</span> <span class='ocrx_word' id='word_1_31' title='bbox 533 452 716 513; x_wconf 88' lang='grc' dir='ltr'>πάντα</span> <span class='ocrx_word' id='word_1_32' title='bbox 741 449 1113 528; x_wconf 78' lang='grc' dir='ltr'>Ἱπποκράτεα</span> <span class='ocrx_word' id='word_1_33' title='bbox 1144 448 1475 562; x_wconf 79' lang='grc' dir='ltr'>λαγχάνειν.</span> <span class='ocrx_word' id='word_1_34' title='bbox 1556 475 1687 513; x_wconf 87' lang='grc' dir='ltr'>τους</span> <span class='ocrx_word' id='word_1_35' title='bbox 1712 452 1814 526; x_wconf 77' lang='grc' dir='ltr'>μὲν</span> <span class='ocrx_word' id='word_1_36' title='bbox 1844 450 1912 525; x_wconf 76' lang='grc' dir='ltr'>δή</span> 
     </span>
     <span class='ocr_line' id='line_1_6' title="bbox 317 536 1915 647; baseline -0.003 -48"><span class='ocrx_word' id='word_1_37' title='bbox 317 545 559 605; x_wconf 83' lang='grc' dir='ltr'>πλεῦνας</span> <span class='ocrx_word' id='word_1_38' title='bbox 592 544 704 600; x_wconf 76' lang='grc' dir='ltr'>τῶν</span> <span class='ocrx_word' id='word_1_39' title='bbox 732 538 1058 621; x_wconf 83' lang='grc' dir='ltr'>Ζαγκλαίων</span> <span class='ocrx_word' id='word_1_40' title='bbox 1091 537 1255 601; x_wconf 85' lang='grc' dir='ltr'>αύτος</span> <span class='ocrx_word' id='word_1_41' title='bbox 1284 543 1341 597; x_wconf 83' lang='grc' dir='ltr'>ἐν</span> <span class='ocrx_word' id='word_1_42' title='bbox 1366 536 1723 614; x_wconf 78' lang='grc' dir='ltr'>ἀνδραπόδων</span> <span class='ocrx_word' id='word_1_43' title='bbox 1750 537 1915 647; x_wconf 83' lang='grc' dir='ltr'>λόγω</span> 
     </span>
     <span class='ocr_line' id='line_1_7' title="bbox 319 624 1916 707; baseline -0.003 -20"><span class='ocrx_word' id='word_1_44' title='bbox 319 628 436 707; x_wconf 83' lang='grc' dir='ltr'>εἶχε</span> <span class='ocrx_word' id='word_1_45' title='bbox 471 628 662 704; x_wconf 82' lang='grc' dir='ltr'>δήσας,</span> <span class='ocrx_word' id='word_1_46' title='bbox 693 652 824 690; x_wconf 86' lang='grc' dir='ltr'>τους</span> <span class='ocrx_word' id='word_1_47' title='bbox 865 626 926 685; x_wconf 81' lang='grc' dir='ltr'>δὲ</span> <span class='ocrx_word' id='word_1_48' title='bbox 969 626 1305 702; x_wconf 79' lang='grc' dir='ltr'>κορυφαίους</span> <span class='ocrx_word' id='word_1_49' title='bbox 1346 624 1525 685; x_wconf 73' lang='grc' dir='ltr'>αὐτῶν</span> <span class='ocrx_word' id='word_1_50' title='bbox 1565 626 1916 703; x_wconf 79' lang='grc' dir='ltr'>τριηκοσίους</span> 
     </span>
     <span class='ocr_line' id='line_1_8' title="bbox 319 712 1916 799; baseline -0.003 -24"><span class='ocrx_word' id='word_1_51' title='bbox 319 715 480 775; x_wconf 80' lang='grc' dir='ltr'>ἔδωκε</span> <span class='ocrx_word' id='word_1_52' title='bbox 515 720 668 775; x_wconf 83' lang='grc' dir='ltr'>τοῖσι</span> <span class='ocrx_word' id='word_1_53' title='bbox 701 715 968 799; x_wconf 78' lang='grc' dir='ltr'>Σαμίοισι</span> <span class='ocrx_word' id='word_1_54' title='bbox 1007 712 1386 789; x_wconf 78' lang='grc' dir='ltr'>κατασφάξαι·</span> <span class='ocrx_word' id='word_1_55' title='bbox 1429 712 1495 773; x_wconf 78' lang='grc' dir='ltr'>οὗ</span> <span class='ocrx_word' id='word_1_56' title='bbox 1529 714 1719 790; x_wconf 83' lang='grc' dir='ltr'>μέντοι</span> <span class='ocrx_word' id='word_1_57' title='bbox 1761 715 1819 773; x_wconf 83' lang='grc' dir='ltr'>οἷ</span> <span class='ocrx_word' id='word_1_58' title='bbox 1849 740 1916 795; x_wconf 87' lang='grc' dir='ltr'>γε</span> 
     </span>
     <span class='ocr_line' id='line_1_9' title="bbox 319 794 2007 883; baseline -0.001 -22"><span class='ocrx_word' id='word_1_59' title='bbox 319 802 522 879; x_wconf 78' lang='grc' dir='ltr'>Σάμιοι</span> <span class='ocrx_word' id='word_1_60' title='bbox 549 794 823 879; x_wconf 85' lang='grc' dir='ltr'>ἐποίησαν</span> <span class='ocrx_word' id='word_1_61' title='bbox 847 805 1042 861; x_wconf 76' lang='grc' dir='ltr'>ταῦτα.</span> <span class='ocrx_word' id='word_1_62' title='bbox 1128 801 1343 877; x_wconf 80' lang='grc' dir='ltr'>Σκύθης</span> <span class='ocrx_word' id='word_1_63' title='bbox 1368 801 1429 860; x_wconf 84' lang='grc' dir='ltr'>δὲ</span> <span class='ocrx_word' id='word_1_64' title='bbox 1452 800 1485 861; x_wconf 80' lang='grc' dir='ltr'>ὁ</span> <span class='ocrx_word' id='word_1_65' title='bbox 1510 804 1621 861; x_wconf 75' lang='grc' dir='ltr'>τῶν</span> <span class='ocrx_word' id='word_1_66' title='bbox 1641 802 1911 883; x_wconf 73' lang='grc' dir='ltr'>Ζαγκλαί-</span> <span class='ocrx_word' id='word_1_67' title='bbox 1933 804 2007 859; x_wconf 83' lang='grc'>24</span> 
     </span>
     <span class='ocr_line' id='line_1_10' title="bbox 315 887 1908 969; baseline -0.003 -18"><span class='ocrx_word' id='word_1_68' title='bbox 315 916 392 951; x_wconf 85' lang='grc' dir='ltr'>ων</span> <span class='ocrx_word' id='word_1_69' title='bbox 421 891 738 969; x_wconf 80' lang='grc' dir='ltr'>μούναρχος</span> <span class='ocrx_word' id='word_1_70' title='bbox 763 894 823 949; x_wconf 86' lang='grc' dir='ltr'>ἐκ</span> <span class='ocrx_word' id='word_1_71' title='bbox 849 894 951 966; x_wconf 85' lang='grc' dir='ltr'>τῆς</span> <span class='ocrx_word' id='word_1_72' title='bbox 975 888 1189 949; x_wconf 84' lang='grc' dir='ltr'>Ἰνύκου</span> <span class='ocrx_word' id='word_1_73' title='bbox 1222 888 1619 965; x_wconf 85' lang='grc' dir='ltr'>ἐκδιδρήσκει’</span> <span class='ocrx_word' id='word_1_74' title='bbox 1592 915 1648 952; x_wconf 91' lang='grc' dir='ltr'>ες</span> <span class='ocrx_word' id='word_1_75' title='bbox 1672 887 1908 967; x_wconf 79' lang='grc' dir='ltr'>Ἱμέρην.</span> 
     </span>
     <span class='ocr_line' id='line_1_11' title="bbox 318 975 1914 1055; baseline -0.002 -17"><span class='ocrx_word' id='word_1_76' title='bbox 318 983 378 1038; x_wconf 83' lang='grc' dir='ltr'>ἐκ</span> <span class='ocrx_word' id='word_1_77' title='bbox 410 979 470 1038; x_wconf 83' lang='grc' dir='ltr'>δὲ</span> <span class='ocrx_word' id='word_1_78' title='bbox 507 978 712 1054; x_wconf 86' lang='grc' dir='ltr'>ταύτης</span> <span class='ocrx_word' id='word_1_79' title='bbox 748 982 935 1055; x_wconf 82' lang='grc' dir='ltr'>παρῆν</span> <span class='ocrx_word' id='word_1_80' title='bbox 972 982 1026 1040; x_wconf 91' lang='grc' dir='ltr'>ἐς</span> <span class='ocrx_word' id='word_1_81' title='bbox 1050 975 1156 1052; x_wconf 76' lang='grc' dir='ltr'>τήν</span> <span class='ocrx_word' id='word_1_82' title='bbox 1180 975 1397 1052; x_wconf 81' lang='grc' dir='ltr'>Ἀσίην,</span> <span class='ocrx_word' id='word_1_83' title='bbox 1426 977 1523 1037; x_wconf 80' lang='grc' dir='ltr'>καὶ</span> <span class='ocrx_word' id='word_1_84' title='bbox 1550 976 1729 1053; x_wconf 89' lang='grc' dir='ltr'>ανέβη</span> <span class='ocrx_word' id='word_1_85' title='bbox 1760 1003 1914 1053; x_wconf 90' lang='grc' dir='ltr'>παρα</span> 
     </span>
    </p>

    <p class='ocr_par' dir='ltr' id='par_1_2' title="bbox 300 1062 2000 2548">
     <span class='ocr_line' id='line_1_12' title="bbox 302 1062 1912 1142; baseline 0.001 -19"><span class='ocrx_word' id='word_1_86' title='bbox 302 1087 307 1092; x_wconf 92' lang='grc'>·</span> <span class='ocrx_word' id='word_1_87' title='bbox 315 1067 570 1140; x_wconf 76' lang='grc' dir='ltr'>βασιλέα</span> <span class='ocrx_word' id='word_1_88' title='bbox 599 1069 855 1142; x_wconf 82' lang='grc' dir='ltr'>Δαρεῖον·</span> <span class='ocrx_word' id='word_1_89' title='bbox 899 1066 996 1123; x_wconf 89' lang='grc' dir='ltr'>καί</span> <span class='ocrx_word' id='word_1_90' title='bbox 1022 1090 1123 1141; x_wconf 88' lang='grc' dir='ltr'>μιν</span> <span class='ocrx_word' id='word_1_91' title='bbox 1162 1064 1389 1140; x_wconf 79' lang='grc' dir='ltr'>ἐνόμισε</span> <span class='ocrx_word' id='word_1_92' title='bbox 1416 1068 1652 1141; x_wconf 83' lang='grc' dir='ltr'>Δαρεῖος</span> <span class='ocrx_word' id='word_1_93' title='bbox 1692 1062 1912 1124; x_wconf 88' lang='grc' dir='ltr'>πάντων</span> 
     </span>
     <span class='ocr_line' id='line_1_13' title="bbox 300 1150 1913 1229; baseline -0.001 -19"><span class='ocrx_word' id='word_1_94' title='bbox 300 1150 529 1228; x_wconf 62' lang='grc' dir='ltr'>ἀνδρῶν</span> <span class='ocrx_word' id='word_1_95' title='bbox 570 1152 918 1213; x_wconf 85' lang='grc' dir='ltr'>δικαιότατον</span> <span class='ocrx_word' id='word_1_96' title='bbox 945 1151 1141 1213; x_wconf 68' lang='grc' dir='ltr'>εἶναι“ν</span> <span class='ocrx_word' id='word_1_97' title='bbox 1110 1178 1239 1213; x_wconf 92' lang='grc' dir='ltr'>οσοι</span> <span class='ocrx_word' id='word_1_98' title='bbox 1266 1157 1326 1211; x_wconf 85' lang='grc' dir='ltr'>ἐκ</span> <span class='ocrx_word' id='word_1_99' title='bbox 1350 1156 1452 1228; x_wconf 81' lang='grc' dir='ltr'>τῆς</span> <span class='ocrx_word' id='word_1_100' title='bbox 1476 1150 1753 1214; x_wconf 83' lang='grc' dir='ltr'>Ἑλλάδος</span> <span class='ocrx_word' id='word_1_101' title='bbox 1782 1152 1913 1229; x_wconf 87' lang='grc' dir='ltr'>παρ’</span> 
     </span>
     <span class='ocr_line' id='line_1_14' title="bbox 317 1238 1913 1321; baseline 0 -24"><span class='ocrx_word' id='word_1_102' title='bbox 317 1238 516 1299; x_wconf 73' lang='grc' dir='ltr'>ἑωυτὸν</span> <span class='ocrx_word' id='word_1_103' title='bbox 549 1238 856 1317; x_wconf 74' lang='grc' dir='ltr'>ἀνέβησαν·</span> <span class='ocrx_word' id='word_1_104' title='bbox 901 1240 992 1299; x_wconf 84' lang='grc' dir='ltr'>καὶ</span> <span class='ocrx_word' id='word_1_105' title='bbox 1015 1240 1127 1321; x_wconf 70' lang='grc' dir='ltr'>γαῖρ</span> <span class='ocrx_word' id='word_1_106' title='bbox 1152 1238 1639 1316; x_wconf 77' lang='grc' dir='ltr'>παραιτησάμενος</span> <span class='ocrx_word' id='word_1_107' title='bbox 1658 1240 1913 1314; x_wconf 84' lang='grc' dir='ltr'>βασιλέα</span> 
     </span>
     <span class='ocr_line' id='line_1_15' title="bbox 317 1325 1909 1407; baseline -0.001 -20"><span class='ocrx_word' id='word_1_108' title='bbox 317 1332 372 1390; x_wconf 86' lang='grc' dir='ltr'>ἐς</span> <span class='ocrx_word' id='word_1_109' title='bbox 387 1328 648 1404; x_wconf 82' lang='grc' dir='ltr'>Σικελίην</span> <span class='ocrx_word' id='word_1_110' title='bbox 663 1328 919 1397; x_wconf 67' lang='grc' dir='ltr'>ἀπίκετο,</span> <span class='ocrx_word' id='word_1_111' title='bbox 943 1328 1034 1387; x_wconf 85' lang='grc' dir='ltr'>καὶ</span> <span class='ocrx_word' id='word_1_112' title='bbox 1063 1327 1215 1389; x_wconf 75' lang='grc' dir='ltr'>αὖτις</span> <span class='ocrx_word' id='word_1_113' title='bbox 1242 1332 1303 1386; x_wconf 82' lang='grc' dir='ltr'>ἐκ</span> <span class='ocrx_word' id='word_1_114' title='bbox 1327 1330 1427 1402; x_wconf 83' lang='grc' dir='ltr'>τῆς</span> <span class='ocrx_word' id='word_1_115' title='bbox 1444 1326 1703 1407; x_wconf 84' lang='grc' dir='ltr'>Σικελίης</span> <span class='ocrx_word' id='word_1_116' title='bbox 1728 1325 1909 1386; x_wconf 81' lang='grc' dir='ltr'>ὀπίσω</span> 
     </span>
     <span class='ocr_line' id='line_1_16' title="bbox 314 1412 1910 1495; baseline 0 -22"><span class='ocrx_word' id='word_1_117' title='bbox 314 1416 467 1492; x_wconf 74' lang='grc' dir='ltr'>παρὰ</span> <span class='ocrx_word' id='word_1_118' title='bbox 495 1417 764 1492; x_wconf 83' lang='grc' dir='ltr'>βασιλέα,</span> <span class='ocrx_word' id='word_1_119' title='bbox 795 1421 852 1479; x_wconf 88' lang='grc' dir='ltr'>ἐς</span> <span class='ocrx_word' id='word_1_120' title='bbox 875 1414 910 1475; x_wconf 77' lang='grc' dir='ltr'>ὃ</span> <span class='ocrx_word' id='word_1_121' title='bbox 933 1414 1106 1495; x_wconf 75' lang='grc' dir='ltr'>γήραΐ</span> <span class='ocrx_word' id='word_1_122' title='bbox 1131 1415 1281 1495; x_wconf 83' lang='grc' dir='ltr'>μέγα</span> <span class='ocrx_word' id='word_1_123' title='bbox 1314 1413 1515 1490; x_wconf 83' lang='grc' dir='ltr'>ὄλβιος</span> <span class='ocrx_word' id='word_1_124' title='bbox 1557 1412 1659 1474; x_wconf 75' lang='grc' dir='ltr'>ἐῶν</span> <span class='ocrx_word' id='word_1_125' title='bbox 1699 1414 1910 1474; x_wconf 85' lang='grc' dir='ltr'>ἐτελεύ-</span> 
     </span>
     <span class='ocr_line' id='line_1_17' title="bbox 313 1502 1909 1583; baseline 0 -22"><span class='ocrx_word' id='word_1_126' title='bbox 313 1526 454 1577; x_wconf 83' lang='grc' dir='ltr'>τησε</span> <span class='ocrx_word' id='word_1_127' title='bbox 493 1509 553 1562; x_wconf 89' lang='grc' dir='ltr'>ἐν</span> <span class='ocrx_word' id='word_1_128' title='bbox 578 1504 862 1582; x_wconf 84' lang='grc' dir='ltr'>Πέρσῃσι.</span> <span class='ocrx_word' id='word_1_129' title='bbox 947 1502 1153 1579; x_wconf 84' lang='grc' dir='ltr'>Σάμιοι</span> <span class='ocrx_word' id='word_1_130' title='bbox 1192 1502 1253 1562; x_wconf 78' lang='grc' dir='ltr'>δὲ</span> <span class='ocrx_word' id='word_1_131' title='bbox 1292 1502 1751 1583; x_wconf 74' lang='grc' dir='ltr'>ἀπαλλαχθέντες</span> <span class='ocrx_word' id='word_1_132' title='bbox 1784 1502 1909 1579; x_wconf 77' lang='grc' dir='ltr'>Μή-</span> 
     </span>
     <span class='ocr_line' id='line_1_18' title="bbox 314 1587 1908 1675; baseline 0.001 -28"><span class='ocrx_word' id='word_1_133' title='bbox 314 1587 490 1659; x_wconf 83' lang='grc' dir='ltr'>δων,’</span> <span class='ocrx_word' id='word_1_134' title='bbox 455 1590 691 1665; x_wconf 80' lang='grc' dir='ltr'>απονητὶ</span> <span class='ocrx_word' id='word_1_135' title='bbox 716 1589 886 1675; x_wconf 83' lang='grc' dir='ltr'>πόλιν</span> <span class='ocrx_word' id='word_1_136' title='bbox 913 1592 1229 1667; x_wconf 78' lang='grc' dir='ltr'>καλλίστην</span> <span class='ocrx_word' id='word_1_137' title='bbox 1246 1590 1506 1673; x_wconf 87' lang='grc' dir='ltr'>Ζάγκλην</span> <span class='ocrx_word' id='word_1_138' title='bbox 1530 1590 1908 1673; x_wconf 84' lang='grc' dir='ltr'>περιεβεβλή-</span> 
     </span>
     <span class='ocr_line' id='line_1_19' title="bbox 313 1676 2000 1756; baseline 0 -20"><span class='ocrx_word' id='word_1_139' title='bbox 313 1700 438 1736; x_wconf 81' lang='grc' dir='ltr'>ατο.</span> <span class='ocrx_word' id='word_1_140' title='bbox 521 1677 682 1736; x_wconf 88' lang='grc' dir='ltr'>Μετα</span> <span class='ocrx_word' id='word_1_141' title='bbox 725 1677 784 1736; x_wconf 80' lang='grc' dir='ltr'>δὲ</span> <span class='ocrx_word' id='word_1_142' title='bbox 826 1677 930 1753; x_wconf 77' lang='grc' dir='ltr'>τὴν</span> <span class='ocrx_word' id='word_1_143' title='bbox 977 1678 1290 1756; x_wconf 84' lang='grc' dir='ltr'>ναυμαχίην</span> <span class='ocrx_word' id='word_1_144' title='bbox 1327 1676 1429 1753; x_wconf 77' lang='grc' dir='ltr'>τήν</span> <span class='ocrx_word' id='word_1_145' title='bbox 1465 1678 1603 1754; x_wconf 74' lang='grc' dir='ltr'>ὑπὲρ</span> <span class='ocrx_word' id='word_1_146' title='bbox 1646 1678 1907 1753; x_wconf 84' lang='grc' dir='ltr'>Μιλήτου</span> <span class='ocrx_word' id='word_1_147' title='bbox 1924 1680 2000 1736; x_wconf 83' lang='grc'>25</span> 
     </span>
     <span class='ocr_line' id='line_1_20' title="bbox 312 1758 1909 1846; baseline 0.001 -22"><span class='ocrx_word' id='word_1_148' title='bbox 312 1765 629 1844; x_wconf 77' lang='grc' dir='ltr'>γενομένην,</span> <span class='ocrx_word' id='word_1_149' title='bbox 656 1758 903 1828; x_wconf 83' lang='grc' dir='ltr'>Φοίνικες</span> <span class='ocrx_word' id='word_1_150' title='bbox 943 1765 1323 1826; x_wconf 86' lang='grc' dir='ltr'>κελευσάντων</span> <span class='ocrx_word' id='word_1_151' title='bbox 1359 1767 1625 1843; x_wconf 88' lang='grc' dir='ltr'>Περσέων</span> <span class='ocrx_word' id='word_1_152' title='bbox 1666 1792 1909 1846; x_wconf 87' lang='grc' dir='ltr'>κατηγον</span> 
     </span>
     <span class='ocr_line' id='line_1_21' title="bbox 315 1847 1909 1930; baseline 0.002 -21"><span class='ocrx_word' id='word_1_153' title='bbox 315 1847 376 1914; x_wconf 27' lang='grc' dir='ltr'>ἐς.</span> <span class='ocrx_word' id='word_1_154' title='bbox 412 1852 604 1930; x_wconf 81' lang='grc' dir='ltr'>Σάμον</span> <span class='ocrx_word' id='word_1_155' title='bbox 644 1852 856 1913; x_wconf 79' lang='grc' dir='ltr'>Αἰάκεα</span> <span class='ocrx_word' id='word_1_156' title='bbox 902 1853 1002 1915; x_wconf 82' lang='grc' dir='ltr'>τόν</span> <span class='ocrx_word' id='word_1_157' title='bbox 1045 1854 1424 1921; x_wconf 78' lang='grc' dir='ltr'>Συλοσῶντος,</span> <span class='ocrx_word' id='word_1_158' title='bbox 1472 1852 1543 1918; x_wconf 75' lang='grc' dir='ltr'>ὥς</span> <span class='ocrx_word' id='word_1_159' title='bbox 1582 1858 1809 1913; x_wconf 78' lang='grc' dir='ltr'>πολλοῦ</span> <span class='ocrx_word' id='word_1_160' title='bbox 1846 1879 1909 1913; x_wconf 88' lang='grc' dir='ltr'>τε</span> 
     </span>
     <span class='ocr_line' id='line_1_22' title="bbox 311 1938 1905 2047; baseline 0.001 -47"><span class='ocrx_word' id='word_1_161' title='bbox 311 1938 467 2010; x_wconf 77' lang='grc' dir='ltr'>ἄξιον</span> <span class='ocrx_word' id='word_1_162' title='bbox 497 1942 793 2023; x_wconf 84' lang='grc' dir='ltr'>γενόμενόν</span> <span class='ocrx_word' id='word_1_163' title='bbox 826 1950 1006 2019; x_wconf 88' lang='grc' dir='ltr'>σφισι</span> <span class='ocrx_word' id='word_1_164' title='bbox 1033 1941 1125 1999; x_wconf 86' lang='grc' dir='ltr'>καὶ</span> <span class='ocrx_word' id='word_1_165' title='bbox 1118 1940 1375 2047; x_wconf 45' lang='lat' dir='ltr'>a[berotha.</span> <span class='ocrx_word' id='word_1_166' title='bbox 1402 1941 1905 2023; x_wconf 83' lang='grc' dir='ltr'>κατεργασάμενον·</span> 
     </span>
     <span class='ocr_line' id='line_1_23' title="bbox 315 2027 1909 2107; baseline 0.001 -22"><span class='ocrx_word' id='word_1_167' title='bbox 315 2030 405 2087; x_wconf 83' lang='grc' dir='ltr'>καὶ</span> <span class='ocrx_word' id='word_1_168' title='bbox 447 2031 714 2105; x_wconf 78' lang='grc' dir='ltr'>Σαμίοισι</span> <span class='ocrx_word' id='word_1_169' title='bbox 761 2030 1022 2107; x_wconf 82' lang='grc' dir='ltr'>μούνοισι</span> <span class='ocrx_word' id='word_1_170' title='bbox 1066 2054 1179 2089; x_wconf 87' lang='grc' dir='ltr'>των</span> <span class='ocrx_word' id='word_1_171' title='bbox 1224 2027 1588 2089; x_wconf 71' lang='grc' dir='ltr'>ἀποστάντων</span> <span class='ocrx_word' id='word_1_172' title='bbox 1637 2029 1749 2089; x_wconf 73' lang='grc' dir='ltr'>ἀπὸ</span> <span class='ocrx_word' id='word_1_173' title='bbox 1794 2036 1909 2088; x_wconf 85' lang='grc' dir='ltr'>Δα-</span> 
     </span>
     <span class='ocr_line' id='line_1_24' title="bbox 311 2117 1977 2197; baseline -0.001 -23"><span class='ocrx_word' id='word_1_174' title='bbox 311 2117 477 2192; x_wconf 90' lang='grc' dir='ltr'>ρείου,</span> <span class='ocrx_word' id='word_1_175' title='bbox 499 2118 590 2177; x_wconf 85' lang='grc' dir='ltr'>διοὶ</span> <span class='ocrx_word' id='word_1_176' title='bbox 616 2119 720 2193; x_wconf 82' lang='grc' dir='ltr'>τὴν</span> <span class='ocrx_word' id='word_1_177' title='bbox 742 2120 989 2195; x_wconf 82' lang='grc' dir='ltr'>ἔκλειψιν</span> <span class='ocrx_word' id='word_1_178' title='bbox 1011 2122 1124 2177; x_wconf 77' lang='grc' dir='ltr'>τῶν</span> <span class='ocrx_word' id='word_1_179' title='bbox 1149 2142 1285 2177; x_wconf 87' lang='grc' dir='ltr'>νεων</span> <span class='ocrx_word' id='word_1_180' title='bbox 1307 2121 1418 2177; x_wconf 80' lang='grc' dir='ltr'>τῶν</span> <span class='ocrx_word' id='word_1_181' title='bbox 1438 2122 1495 2178; x_wconf 89' lang='grc' dir='ltr'>ἐν</span> <span class='ocrx_word' id='word_1_182' title='bbox 1520 2121 1593 2197; x_wconf 80' lang='grc' dir='ltr'>τῇ</span> <span class='ocrx_word' id='word_1_183' title='bbox 1610 2119 1906 2197; x_wconf 83' lang='grc' dir='ltr'>ναυμαχίῃ,</span> <span class='ocrx_word' id='word_1_184' title='bbox 1974 2170 1977 2173; x_wconf 80' lang='grc'>.</span> 
     </span>
     <span class='ocr_line' id='line_1_25' title="bbox 313 2204 1907 2281; baseline 0 -18"><span class='ocrx_word' id='word_1_185' title='bbox 313 2228 438 2263; x_wconf 88' lang='grc' dir='ltr'>ουτε</span> <span class='ocrx_word' id='word_1_186' title='bbox 463 2230 500 2280; x_wconf 96' lang='grc' dir='ltr'>η</span> <span class='ocrx_word' id='word_1_187' title='bbox 528 2205 695 2267; x_wconf 86' lang='grc' dir='ltr'>πόλις</span> <span class='ocrx_word' id='word_1_188' title='bbox 720 2204 848 2263; x_wconf 77' lang='grc' dir='ltr'>οὔτε</span> <span class='ocrx_word' id='word_1_189' title='bbox 879 2230 950 2263; x_wconf 93' lang='grc' dir='ltr'>τα</span> <span class='ocrx_word' id='word_1_190' title='bbox 995 2204 1088 2281; x_wconf 85' lang='grc' dir='ltr'>ἶρα</span> <span class='ocrx_word' id='word_1_191' title='bbox 1130 2204 1463 2281; x_wconf 83' lang='grc' dir='ltr'>ἐνεπρήσθη.</span> <span class='ocrx_word' id='word_1_192' title='bbox 1547 2204 1808 2281; x_wconf 88' lang='grc' dir='ltr'>Μιλήτου</span> <span class='ocrx_word' id='word_1_193' title='bbox 1848 2205 1907 2263; x_wconf 82' lang='grc' dir='ltr'>δὲ</span> 
     </span>
     <span class='ocr_line' id='line_1_26' title="bbox 311 2288 1909 2371; baseline 0.001 -22"><span class='ocrx_word' id='word_1_194' title='bbox 311 2288 582 2367; x_wconf 76' lang='grc' dir='ltr'>ἁλούσης,</span> <span class='ocrx_word' id='word_1_195' title='bbox 611 2291 808 2350; x_wconf 90' lang='grc' dir='ltr'>αυτίκα</span> <span class='ocrx_word' id='word_1_196' title='bbox 839 2292 1058 2369; x_wconf 84' lang='grc' dir='ltr'>Καρίην</span> <span class='ocrx_word' id='word_1_197' title='bbox 1096 2294 1267 2371; x_wconf 86' lang='grc' dir='ltr'>ἔσχον</span> <span class='ocrx_word' id='word_1_198' title='bbox 1308 2318 1361 2351; x_wconf 94' lang='grc' dir='ltr'>οι</span> <span class='ocrx_word' id='word_1_199' title='bbox 1394 2293 1633 2369; x_wconf 84' lang='grc' dir='ltr'>Πέρσαι,</span> <span class='ocrx_word' id='word_1_200' title='bbox 1667 2292 1768 2354; x_wconf 81' lang='grc' dir='ltr'>τοὶς</span> <span class='ocrx_word' id='word_1_201' title='bbox 1804 2294 1909 2367; x_wconf 82' lang='grc' dir='ltr'>μὲν</span> 
     </span>
     <span class='ocr_line' id='line_1_27' title="bbox 311 2376 1907 2458; baseline 0 -22"><span class='ocrx_word' id='word_1_202' title='bbox 311 2379 612 2455; x_wconf 72' lang='grc' dir='ltr'>ἐθελοντὴν</span> <span class='ocrx_word' id='word_1_203' title='bbox 648 2383 760 2439; x_wconf 78' lang='grc' dir='ltr'>τῶν</span> <span class='ocrx_word' id='word_1_204' title='bbox 791 2380 1005 2439; x_wconf 78' lang='grc' dir='ltr'>πολίων</span> <span class='ocrx_word' id='word_1_205' title='bbox 1039 2378 1425 2457; x_wconf 69' lang='grc' dir='ltr'>ὑποκυψάσας,</span> <span class='ocrx_word' id='word_1_206' title='bbox 1463 2378 1563 2440; x_wconf 76' lang='grc' dir='ltr'>τοῖς</span> <span class='ocrx_word' id='word_1_207' title='bbox 1597 2378 1658 2436; x_wconf 85' lang='grc' dir='ltr'>δὲ</span> <span class='ocrx_word' id='word_1_208' title='bbox 1692 2376 1907 2458; x_wconf 78' lang='grc' dir='ltr'>ἀνάγκῃ</span> 
     </span>
     <span class='ocr_line' id='line_1_28' title="bbox 310 2465 1668 2548; baseline 0.001 -25"><span class='ocrx_word' id='word_1_209' title='bbox 310 2466 762 2548; x_wconf 75' lang='grc' dir='ltr'>προσηγάγοντο.</span> <span class='ocrx_word' id='word_1_210' title='bbox 845 2471 1020 2527; x_wconf 84' lang='grc' dir='ltr'>ταῦτα</span> <span class='ocrx_word' id='word_1_211' title='bbox 1045 2470 1151 2543; x_wconf 81' lang='grc' dir='ltr'>μὲν</span> <span class='ocrx_word' id='word_1_212' title='bbox 1176 2466 1243 2542; x_wconf 78' lang='grc' dir='ltr'>δή</span> <span class='ocrx_word' id='word_1_213' title='bbox 1273 2465 1415 2526; x_wconf 80' lang='grc' dir='ltr'>οὕτω</span> <span class='ocrx_word' id='word_1_214' title='bbox 1442 2466 1668 2545; x_wconf 80' lang='grc' dir='ltr'>ἐγίνετο.</span> 
     </span>
    </p>

    <p class='ocr_par' dir='ltr' id='par_1_3' title="bbox 308 2552 2000 3332">
     <span class='ocr_line' id='line_1_29' title="bbox 388 2552 2000 2634; baseline -0.001 -21"><span class='ocrx_word' id='word_1_215' title='bbox 388 2553 634 2633; x_wconf 81' lang='grc' dir='ltr'>Ἱστιαίῳ</span> <span class='ocrx_word' id='word_1_216' title='bbox 669 2554 729 2613; x_wconf 83' lang='grc' dir='ltr'>δὲ</span> <span class='ocrx_word' id='word_1_217' title='bbox 760 2559 837 2634; x_wconf 75' lang='grc' dir='ltr'>τῷ</span> <span class='ocrx_word' id='word_1_218' title='bbox 863 2556 1135 2634; x_wconf 80' lang='grc' dir='ltr'>Μιλησίῳ</span> <span class='ocrx_word' id='word_1_219' title='bbox 1162 2554 1307 2613; x_wconf 84' lang='grc' dir='ltr'>ἐόντι</span> <span class='ocrx_word' id='word_1_220' title='bbox 1332 2553 1460 2630; x_wconf 81' lang='grc' dir='ltr'>περὶ</span> <span class='ocrx_word' id='word_1_221' title='bbox 1488 2552 1789 2623; x_wconf 84' lang='grc' dir='ltr'>Βυζάντιον</span> <span class='ocrx_word' id='word_1_222' title='bbox 1817 2554 1906 2612; x_wconf 87' lang='grc' dir='ltr'>καὶ</span> <span class='ocrx_word' id='word_1_223' title='bbox 1924 2555 2000 2611; x_wconf 83' lang='grc'>26</span> 
     </span>
     <span class='ocr_line' id='line_1_30' title="bbox 311 2636 1979 2719; baseline -0.001 -19"><span class='ocrx_word' id='word_1_224' title='bbox 311 2636 781 2719; x_wconf 82' lang='grc' dir='ltr'>συλλαμβάνοντι</span> <span class='ocrx_word' id='word_1_225' title='bbox 813 2642 915 2705; x_wconf 71' lang='grc' dir='ltr'>τσῖς</span> <span class='ocrx_word' id='word_1_226' title='bbox 939 2640 1135 2702; x_wconf 80' lang='grc' dir='ltr'>Ἰώνων</span> <span class='ocrx_word' id='word_1_227' title='bbox 1175 2640 1420 2703; x_wconf 82' lang='grc' dir='ltr'>ὁλκάδας</span> <span class='ocrx_word' id='word_1_228' title='bbox 1446 2641 1806 2704; x_wconf 85' lang='grc' dir='ltr'>ε’κπλωούσας</span> <span class='ocrx_word' id='word_1_229' title='bbox 1846 2647 1905 2699; x_wconf 88' lang='grc' dir='ltr'>ἐκ</span> <span class='ocrx_word' id='word_1_230' title='bbox 1969 2710 1979 2715; x_wconf 35' lang='grc'><strong><em>,</em></strong></span> 
     </span>
     <span class='ocr_line' id='line_1_31' title="bbox 308 2727 1901 2810; baseline 0.001 -23"><span class='ocrx_word' id='word_1_231' title='bbox 308 2733 410 2787; x_wconf 84' lang='grc' dir='ltr'>τοῦ</span> <span class='ocrx_word' id='word_1_232' title='bbox 449 2729 692 2799; x_wconf 82' lang='grc' dir='ltr'>Πόντου,</span> <span class='ocrx_word' id='word_1_233' title='bbox 729 2730 1129 2810; x_wconf 82' lang='grc' dir='ltr'>ἐξαγγέλλεται</span> <span class='ocrx_word' id='word_1_234' title='bbox 1168 2728 1243 2788; x_wconf 72' lang='grc' dir='ltr'>τὰ</span> <span class='ocrx_word' id='word_1_235' title='bbox 1282 2727 1411 2805; x_wconf 81' lang='grc' dir='ltr'>περὶ</span> <span class='ocrx_word' id='word_1_236' title='bbox 1446 2729 1709 2805; x_wconf 84' lang='grc' dir='ltr'>Μίλητον</span> <span class='ocrx_word' id='word_1_237' title='bbox 1750 2729 1901 2810; x_wconf 88' lang='grc' dir='ltr'>γενό-</span> 
     </span>
     <span class='ocr_line' id='line_1_32' title="bbox 309 2815 1904 2896; baseline -0.001 -21"><span class='ocrx_word' id='word_1_238' title='bbox 309 2841 468 2893; x_wconf 88' lang='grc' dir='ltr'>μενα.</span> <span class='ocrx_word' id='word_1_239' title='bbox 548 2818 620 2876; x_wconf 68' lang='grc' dir='ltr'><strong>ταῖ</strong></span> <span class='ocrx_word' id='word_1_240' title='bbox 650 2820 754 2893; x_wconf 82' lang='grc' dir='ltr'>μὲν</span> <span class='ocrx_word' id='word_1_241' title='bbox 785 2816 854 2891; x_wconf 74' lang='grc' dir='ltr'>δὴ</span> <span class='ocrx_word' id='word_1_242' title='bbox 890 2816 1018 2894; x_wconf 88' lang='grc' dir='ltr'>περὶ</span> <span class='ocrx_word' id='word_1_243' title='bbox 1042 2815 1476 2890; x_wconf 80' lang='grc' dir='ltr'>Ἑλλήσποντον</span> <span class='ocrx_word' id='word_1_244' title='bbox 1502 2818 1703 2895; x_wconf 83' lang='grc' dir='ltr'>ἔχοντα</span> <span class='ocrx_word' id='word_1_245' title='bbox 1727 2816 1904 2896; x_wconf 66' lang='grc' dir='ltr'>πρήγ-</span> 
     </span>
     <span class='ocr_line' id='line_1_33' title="bbox 310 2902 1898 3014; baseline -0.001 -52"><span class='ocrx_word' id='word_1_246' title='bbox 310 2929 461 2980; x_wconf 90' lang='grc' dir='ltr'>ματα</span> <span class='ocrx_word' id='word_1_247' title='bbox 519 2904 808 2980; x_wconf 79' lang='grc' dir='ltr'>ἐπιτράπει</span> <span class='ocrx_word' id='word_1_248' title='bbox 869 2904 1145 2981; x_wconf 83' lang='grc' dir='ltr'>Βισάλτῃ,</span> <span class='ocrx_word' id='word_1_249' title='bbox 1199 2902 1663 3014; x_wconf 85' lang='grc' dir='ltr'>Ἀπολλοφάνεος</span> <span class='ocrx_word' id='word_1_250' title='bbox 1724 2904 1898 2973; x_wconf 88' lang='grc' dir='ltr'>παιδὶ,</span> 
     </span>
     <span class='ocr_line' id='line_1_34' title="bbox 311 2988 1903 3102; baseline -0.001 -52.98"><span class='ocrx_word' id='word_1_251' title='bbox 311 2988 624 3070; x_wconf 77' lang='grc' dir='ltr'>Ἀβυδηνῷ·</span> <span class='ocrx_word' id='word_1_252' title='bbox 665 2992 832 3055; x_wconf 83' lang='grc' dir='ltr'>αύτός</span> <span class='ocrx_word' id='word_1_253' title='bbox 869 2992 927 3051; x_wconf 82' lang='grc' dir='ltr'>δὲ</span> <span class='ocrx_word' id='word_1_254' title='bbox 964 2993 1101 3069; x_wconf 80' lang='grc' dir='ltr'>ἔχων</span> <span class='ocrx_word' id='word_1_255' title='bbox 1138 2991 1423 3102; x_wconf 83' lang='grc' dir='ltr'>Λεσβίους</span> <span class='ocrx_word' id='word_1_256' title='bbox 1461 2996 1515 3053; x_wconf 84' lang='grc' dir='ltr'>ἐς</span> <span class='ocrx_word' id='word_1_257' title='bbox 1548 2992 1691 3049; x_wconf 88' lang='grc' dir='ltr'>Χίον</span> <span class='ocrx_word' id='word_1_258' title='bbox 1725 2991 1903 3059; x_wconf 85' lang='grc' dir='ltr'>ἔπλεε,</span> 
     </span>
     <span class='ocr_line' id='line_1_35' title="bbox 313 3078 1906 3157; baseline 0.001 -21"><span class='ocrx_word' id='word_1_259' title='bbox 313 3079 403 3136; x_wconf 82' lang='grc' dir='ltr'>καὶ</span> <span class='ocrx_word' id='word_1_260' title='bbox 439 3080 592 3139; x_wconf 89' lang='grc' dir='ltr'>Χίων</span> <span class='ocrx_word' id='word_1_261' title='bbox 633 3083 852 3157; x_wconf 84' lang='grc' dir='ltr'>φρουρῇ</span> <span class='ocrx_word' id='word_1_262' title='bbox 897 3078 962 3137; x_wconf 83' lang='grc' dir='ltr'>ού</span> <span class='ocrx_word' id='word_1_263' title='bbox 996 3079 1339 3156; x_wconf 79' lang='grc' dir='ltr'>προσιεμένῃ</span> <span class='ocrx_word' id='word_1_264' title='bbox 1378 3104 1475 3155; x_wconf 89' lang='grc' dir='ltr'>μιν</span> <span class='ocrx_word' id='word_1_265' title='bbox 1518 3078 1804 3152; x_wconf 82' lang='grc' dir='ltr'>συνέβαλε</span> <span class='ocrx_word' id='word_1_266' title='bbox 1847 3083 1906 3137; x_wconf 87' lang='grc' dir='ltr'>ἐν</span> 
     </span>
     <span class='ocr_line' id='line_1_36' title="bbox 314 3164 1905 3244; baseline 0.001 -20"><span class='ocrx_word' id='word_1_267' title='bbox 314 3166 581 3225; x_wconf 68' lang='grc' dir='ltr'>Κοθιοισι</span> <span class='ocrx_word' id='word_1_268' title='bbox 622 3167 1014 3243; x_wconf 86' lang='grc' dir='ltr'>καλεομένοισι</span> <span class='ocrx_word' id='word_1_269' title='bbox 1051 3169 1153 3239; x_wconf 84' lang='grc' dir='ltr'>τῆς</span> <span class='ocrx_word' id='word_1_270' title='bbox 1177 3165 1320 3241; x_wconf 83' lang='grc' dir='ltr'>Χίης</span> <span class='ocrx_word' id='word_1_271' title='bbox 1356 3165 1559 3244; x_wconf 74' lang='grc' dir='ltr'>χώρης·</span> <span class='ocrx_word' id='word_1_272' title='bbox 1599 3164 1805 3226; x_wconf 85' lang='grc' dir='ltr'>τούτων</span> <span class='ocrx_word' id='word_1_273' title='bbox 1843 3192 1905 3225; x_wconf 89' lang='grc' dir='ltr'>τε</span> 
     </span>
     <span class='ocr_line' id='line_1_37' title="bbox 315 3252 1904 3332; baseline 0.002 -20"><span class='ocrx_word' id='word_1_274' title='bbox 315 3252 383 3329; x_wconf 75' lang='grc' dir='ltr'><em>δὴ</em></span> <span class='ocrx_word' id='word_1_275' title='bbox 419 3253 688 3329; x_wconf 86' lang='grc' dir='ltr'>ἐφόνευσε</span> <span class='ocrx_word' id='word_1_276' title='bbox 723 3276 980 3332; x_wconf 79' lang='grc' dir='ltr'>συχνους,</span> <span class='ocrx_word' id='word_1_277' title='bbox 1010 3252 1104 3310; x_wconf 82' lang='grc' dir='ltr'>καὶ</span> <span class='ocrx_word' id='word_1_278' title='bbox 1136 3278 1245 3312; x_wconf 91' lang='grc' dir='ltr'>των</span> <span class='ocrx_word' id='word_1_279' title='bbox 1278 3257 1492 3315; x_wconf 73' lang='grc' dir='ltr'>λοιπῶν</span> <span class='ocrx_word' id='word_1_280' title='bbox 1517 3253 1670 3315; x_wconf 89' lang='grc' dir='ltr'>Χίων</span> <span class='ocrx_word' id='word_1_281' title='bbox 1705 3253 1795 3315; x_wconf 80' lang='grc' dir='ltr'>οἶα</span> <span class='ocrx_word' id='word_1_282' title='bbox 1835 3252 1904 3328; x_wconf 75' lang='grc' dir='ltr'><em>δὴ</em></span> 
     </span>
    </p>
   </div>
  </div>
 </body>
</html>
