2192 3409
317 108 382 155 20
925 103 1291 154 ‘nPvomo‘r
1818 104 1912 170 [V.

316 181 562 259 ἑκάτεροι
597 180 778 243 αὐτῶν
802 182 1078 261 μαρτύρια
1104 180 1531 259 ἀποφαίνονται·
1561 183 1651 242 καὶ
1677 184 1917 261 πάρεστι

314 270 632 347 ὁκοτέροισί
645 296 729 333 τις
753 271 1001 331 πείθεται
1035 269 1231 341 αὐτῶν,
1249 270 1501 329 τούτοισι
1518 272 1914 347 προσχωρέειν.

215 359 294 417 46
317 361 628 422 Συνέπλεον
655 358 716 417 δὲ
743 359 949 436 Δωριέϊ
975 359 1067 417 καὶ
1093 358 1266 417 ἄλλοι
1300 357 1637 437 συγκτίσται
1675 361 1913 436 Σπαρτι-

247 486 256 493 ·
309 447 498 521 ητέων,
539 446 851 511 Θεσσαλὸς·
881 447 973 505 καὶ
1012 445 1387 522 Παραιβάτης
1428 446 1521 503 καὶ
1563 446 1783 522 Κελέης
1823 446 1914 505 καὶ

309 532 622 609 Εὐρυλέων·
667 532 720 592 οἳ
760 534 885 591 ἐπεί
914 559 976 592 τε
1010 532 1277 593 ἀπίκοντο
1312 533 1481 592 παντὶ
1514 532 1705 611 στόλῳ
1734 538 1788 597 ἐς
1812 534 1915 609 τήν

311 621 586 695 Σικελίην,
627 619 904 681 άπέθανον
945 620 1105 699 μάχῃ
1148 621 1485 684 ἑσσωθέντες
1528 619 1640 680 find
1679 646 1741 680 τε
1781 628 1909 680 <Pet-

317 708 475 766 νίκων
508 709 599 766 καὶ
632 705 992 789 Ἐγεσταίων·
1032 712 1237 784 μοῦνος
1274 708 1336 766 δέ
1368 732 1436 786 γε
1470 706 1768 784 Εὐρυλέων
1802 713 1913 769 τῶν

311 796 690 875 συγκτιστέων
734 796 1079 876 περιεγένετο
1124 794 1323 855 τούτου
1360 798 1461 855 τοῦ
1501 794 1725 857 πάθεος·
1770 800 1907 855 συλκ

309 880 507 957 λαβὼν
547 882 607 940 δὲ
647 880 808 945 οὗτος
845 886 946 957 τῆς
985 885 1254 959 στρατιῆς
1290 882 1420 945 τούς
1457 883 1911 964 περιγενομένους

309 970 444 1048 ἔσχε
485 969 714 1045 Μινώην
751 970 856 1045 τήν
890 970 1264 1033 Σελινουσίων
1304 968 1577 1045 ἀποικίην,
1619 971 1713 1029 καὶ
1753 995 1907 1029 συνε-

307 1058 572 1134 λευθέρου
613 1057 1004 1122 Σελινουσίους
1039 1060 1140 1117 τοῦ
1180 1056 1498 1135 μουνάρχου
1531 1058 1907 1138 Πειθαγόρεω·

305 1146 448 1221 μετὰ
474 1146 546 1219 δὲ,
581 1145 654 1209 οἷς
679 1149 877 1205 τοῦτον
913 1148 1152 1213 κατεῖλε,
1182 1143 1347 1207 αὐτὸς
1378 1145 1657 1222 τυραννίδι
1696 1147 1906 1223 ἐπεχεί-

303 1260 447 1309 ρησε
488 1236 863 1304 Σελινοῦντος,
893 1232 984 1293 καὶ
1021 1231 1409 1311 ἐμουνάρχησε
1444 1232 1646 1309 χρόνον
1678 1232 1763 1291 ἐπ’
1790 1234 1905 1293 ὀλί-

302 1344 422 1401 γον·
447 1326 501 1381 οἱ
513 1322 622 1404 γάρ
638 1348 734 1399 μιν
762 1323 1119 1385 Σελινοΰσιοι
1146 1319 1554 1381 ἐπαναστάντες
1581 1318 1907 1380 άπέκτειναν

211 1407 285 1466 47
307 1410 699 1489 καταφυγόντα
760 1410 850 1467 ἐπὶ
900 1408 1038 1471 Διός
1085 1407 1353 1487 ἀγοραίου
1401 1405 1617 1483 βωμόν.
1702 1408 1905 1471 Συνέσ-

303 1520 441 1554 πετο
473 1495 532 1553 δὲ
567 1495 774 1572 Δωριέῖ
805 1494 898 1553 καὶ
932 1495 1279 1556 συναπέθανε
1309 1495 1589 1556 Φίλιππος
1624 1493 1657 1553 ὅ
1695 1501 1904 1553 Βουτα-

303 1583 476 1651 κίδεω,
523 1581 910 1659 Κροτωνιήτης
945 1580 1104 1657 ἀνήρ·
1158 1580 1220 1644 ὃς
1258 1581 1650 1659 ἁρμοσάμενος
1684 1581 1901 1658 Τήλυος

303 1674 403 1728 τοῦ
441 1670 764 1745 Συβαρίτεω
800 1670 1076 1750 θυγατέρα
1104 1670 1278 1748 ἔφυγε
1316 1675 1374 1729 ἐκ
1408 1668 1719 1745 Κρότωνος·
1776 1678 1903 1748 ψευ-

301 1757 460 1820 σθεὶς
505 1754 570 1817 δὲ’
609 1760 714 1817 τοῦ
751 1756 936 1839 γάμου
972 1757 1160 1835 οἴχετο
1195 1759 1381 1817 πλέων
1416 1761 1473 1820 ἐς
1515 1757 1794 1834 Κυρήνην·
1844 1764 1904 1817 ἐκ

301 1845 503 1921 ταύτης
543 1846 602 1905 δὲ
641 1844 987 1922 ὄρμεώμενος
1027 1845 1343 1904 συνέσπετο
1379 1845 1559 1923 οἶκηΐῃ
1591 1871 1655 1906 τε
1694 1846 1905 1923 τριήρεϊ

305 1934 394 1991 καὶ
423 1934 604 2011 οἰκηίῃ
629 1932 841 2010 οἷνδρῶν
873 1932 1107 2009 δαπάνῃ,
1137 1931 1237 1992 ἐών
1261 1958 1323 1992 τε
1348 1932 1785 2009 Ὀλυμπιονίκης
1812 1936 1903 1991 καὶ

302 2020 609 2084 κάλλιστος
649 2020 940 2095 Ἑλλήνων
983 2023 1094 2079 τῶν
1136 2019 1253 2079 κατ’
1298 2020 1515 2080 ἑωυτόν.
1599 2020 1689 2080 δισῖ
1734 2022 1792 2079 δὲ
1836 2021 1901 2080 τό

302 2111 499 2167 ἑωυτοῦ
537 2108 748 2170 κάλλος
786 2108 1030 2167 ἐνείκατο
1065 2108 1221 2184 παραὶ
1253 2106 1593 2189 Ἐγεσταίων
1630 2108 1701 2168 τοὶ
1728 2108 1904 2171 οὐδεὶς

301 2194 496 2259 ἄλλος·
525 2196 617 2259 ,ἐπὶ
641 2195 752 2275 γάρ
779 2198 878 2254 τοῦ
903 2193 1090 2271 τάφου
1117 2194 1286 2256 αὐτοῦ
1314 2195 1515 2271 ἧρώϊον
1544 2196 1900 2273 ἱδρυσάμενοι

205 2284 284 2342 48
303 2284 538 2363 θυσίῃσι
565 2282 737 2344 αὔτὸν
766 2282 1115 2343 ἱλάσκονται.
1199 2282 1441 2359 Δωριεύς
1466 2283 1570 2360 μέν
1596 2308 1691 2342 νυν
1714 2282 1903 2363 τρόπῳ

299 2372 528 2453 τοιούτω
570 2364 918 2448 ἐτελεύτησε·
963 2375 1012 2431 εἰ
1048 2372 1108 2430 δὲ
1143 2370 1417 2449 ἠνέσχετο
1457 2369 1904 2447 βασιλευόμενος

298 2460 408 2520 ὖπὸ
435 2463 787 2539 Κλεομένεος
814 2460 905 2518 καὶ
937 2460 1199 2536 κατέμενε
1226 2462 1284 2518 ἐν
1322 2458 1570 2536 Σπάρτῃ,
1599 2460 1904 2534 ἐβασιλευε

301 2546 367 2606 ἂν
393 2548 824 2625 Λακεδαίμονος.
908 2545 972 2606 οὗ
995 2546 1107 2627 γάρ
1139 2572 1263 2606 τινα
1292 2546 1517 2607 πολλὸν
1540 2545 1745 2625 χρόνον
1770 2544 1903 2623 ἦρξε

300 2634 332 2691 ὅ
363 2636 702 2710 Κλεομένης,
737 2633 870 2694 ἀλλ’
906 2634 1147 2695 ἀπέθανε
1186 2634 1353 2697 ἅπαις
1391 2635 1669 2715 θυγατέρα
1693 2634 1905 2709 μούνην

301 2720 480 2780 λιπών
505 2725 577 2799 τῇ
603 2719 814 2798 οὕνομα
840 2721 911 2797 ἦν
935 2721 1150 2803 Γοργώ.

204 2810 280 2867 49
381 2808 728 2867 Ἀπικνέεται
781 2808 828 2867 δ’
884 2808 958 2868 ὧν
1011 2808 1042 2868 ὁ
1095 2806 1506 2889 Ἀρισταγόρης
1558 2808 1590 2867 ὁ
1639 2806 1905 2881 Μιλήτου

300 2897 564 2974 τύραννος
605 2900 661 2957 ἐς
699 2896 804 2971 τήν
842 2895 1123 2971 Σπάρτην,
1163 2895 1513 2969 Κλεομένεος
1548 2896 1772 2973 ἔχοντος
1802 2892 1907 2969 τὴν

303 2982 500 3061 ἀρχήν·
569 2987 648 3061 τῷ
699 2981 768 3055 δή
824 2986 880 3043 ἐς
932 2980 1139 3059 λόγους
1190 2978 1295 3054 ἤϊε,
1352 2980 1423 3042 ὥς
1478 2979 1907 3057 Λακεδαιμόνιοι

304 3070 556 3145 λέγουσι,
600 3071 740 3147 ἔχων
787 3066 1030 3143 χάλκεον
1069 3068 1277 3124 πίνακα
1316 3070 1376 3123 ἐν
1414 3070 1493 3143 τῷ
1530 3072 1637 3146 γῆς
1680 3066 1905 3141 ἀπάσης

309 3154 564 3229 περίοδος
623 3154 965 3227 ἐνετέτμητο,
1027 3153 1119 3210 καὶ
1172 3150 1447 3210 θάλασσά
1485 3178 1548 3212 τε
1600 3157 1763 3213 πᾶσα
1818 3154 1909 3211 καὶ

305 3240 552 3313 ποταμοὶ
587 3238 806 3298 πάντες·
847 3237 1239 3313 ἀπικνεόμενος
1263 3238 1323 3296 δὲ
1350 3242 1405 3301 ἐς
1430 3237 1636 3314 λόγους
1662 3239 1693 3297 ὁ
1719 3239 1907 3313 Ἀριο-
