2192 3409
359 92 414 157 ⁹}
677 142 682 147 ,
989 94 1360 143 mmmm.
1861 98 1953 149 123

358 178 484 232 ἐστι
523 171 682 233 οὕτω·
725 173 814 233 ἵνα
840 172 899 233 δὲ
924 172 1006 250 μή
1051 173 1450 249 ἰδιοβουλεύειν
1488 172 1622 251 ὖμῖν
1662 174 1848 246 δοκέω,
1874 179 1954 237 τί·

357 261 496 337 θημι
535 259 603 321 τὰ
643 265 880 342 πρῆγμα
917 265 972 324 ἐς
1009 261 1207 337 μέσον,
1244 261 1470 342 γνώμην
1502 262 1740 322 κελεύων
1774 263 1956 340 ὖμέων

351 349 454 408 τὸν
477 349 832 427 βουλόμενον
856 348 1325 427 άποφαίνεσθαι.”
1405 353 1582 409 ταῦτα
1607 350 1762 415 εἴπας
1788 352 1949 413 ἐπαύ-

353 461 467 495 ετο.

437 522 578 583 Μετ’
605 522 772 584 αὐτὸν
813 524 872 583 δὲ
901 523 1217 602 Μαρδόνιός
1248 525 1426 606 ἔλεγε·
1469 536 1505 561 “
1520 522 1563 583 ὦ
1595 524 1859 597 δέσποτα,
1888 526 1953 586 οὗ
1982 529 2017 587 9

348 611 526 687 μόνον
553 612 629 675 εἶς
653 615 762 671 τῶν
786 612 1096 693 γενομένων
1125 606 1390 689 Περσέων
1426 611 1655 691 ἄριστος
1678 612 1835 673 οἷλλοὶ
1862 616 1953 673 καὶ

352 725 463 760 των
496 701 790 777 ἐσομένων·
835 700 898 765 ὃς
930 699 1002 760 τά
1032 726 1095 760 τε
1126 698 1281 759 ἄλλα
1301 703 1549 815 λέγων’
1523 702 1708 761 επίκεο
1748 700 1954 779 ἄριστα

351 788 446 847 καὶ
471 786 849 865 ἀληθέστατα,
879 789 972 847 καὶ
999 786 1195 853 Ἴωνας
1218 815 1348 853 τους
1374 796 1433 849 ἐν
1456 794 1528 869 τῇ
1554 788 1796 869 Εὗρῶπῃ
1824 816 1951 850 κατ-

347 878 702 954 οικημένους
725 876 826 938 οὐκ
877 876 1063 941 ἐάσεις
1116 877 1499 959 καταγελάσαι
1553 877 1706 955 ημῖν,
1763 878 1951 942 ἐόντας

348 962 625 1033 α’ναξίους·
669 966 762 1025 καὶ
800 965 912 1046 γοὶρ
949 964 1195 1025 δεινὰν*
1164 992 1231 1025 αν
1269 966 1353 1041 εἴη
1389 970 1639 1047 πρῆγμα,
1682 969 1731 1025 εἰ
1766 964 1952 1031 Σάκας

345 1053 454 1125 μὲν
482 1054 574 1111 καὶ
590 1052 796 1117 Ἰνδοῦς
815 1053 908 1113 καὶ
926 1053 1201 1117 Αἰθίοπάς
1225 1079 1289 1113 τε
1315 1054 1406 1112 καὶ
1431 1052 1769 1131 Ἀσσυρίους
1796 1052 1950 1113 ἄλλα

347 1164 412 1197 τε
456 1141 615 1199 ἔθνεα
656 1141 852 1200 πολλὰ
899 1142 989 1200 καὶ
1032 1140 1277 1223 μεγάλα,
1325 1140 1669 1217 ἀδικήσαντα
1716 1142 1948 1218 Πέρσας

349 1225 511 1287 οὐδὲν
536 1226 690 1287 α’λλοῖ
715 1228 944 1305 δύναμιν
969 1229 1371 1306 προσκτᾶσθαι
1394 1227 1754 1305 βουλόμενοι,
1783 1254 1946 1288 κατα-

345 1315 728 1394 στρεψάμενοι
767 1317 999 1380 δούλους
1038 1319 1256 1397 ἔχομεν,
1272 1316 1561 1392 Ἕλληνας
1586 1315 1646 1375 δὲ
1674 1314 1945 1393 ὑπάρξαν·

344 1428 449 1467 τας
482 1402 710 1481 άδικίης,
751 1403 816 1465 οὗ
847 1406 1301 1483 τιμωρησόμεθα·
1340 1405 1402 1464 τί
1435 1403 1749 1473 δείσαντεςς
1793 1404 1948 1481 κοίην

345 1491 596 1568 πλήθεος
633 1492 992 1570 συστροφήν,
1036 1494 1193 1569 κοίην
1236 1494 1298 1553 δὲ
1334 1490 1637 1571 χρημάτων
1679 1490 1944 1568 δύναμινς

345 1583 458 1639 τῶν
495 1580 844 1657 ἐπιστάμεθα
863 1582 970 1657 μὲν
994 1580 1100 1657 τήν
1123 1580 1335 1661 μάχην,
1363 1579 1711 1663 ἐπιστάμεθα
1746 1580 1807 1639 δὲ
1844 1580 1948 1656 τὴν

347 1666 580 1744 δύναμιν
627 1672 832 1728 ἐοῦσαν
877 1666 1145 1729 ἀσθενέα·
1194 1670 1394 1747 ἔχομεν
1432 1668 1492 1729 δὲ
1526 1667 1709 1730 αὐτῶν
1746 1668 1947 1733 παῖδας

346 1756 868 1834 καταστρεψάμενοι
901 1754 1147 1827 τούτους,
1186 1754 1239 1817 οἳ
1275 1761 1333 1815 ἐν
1372 1759 1445 1835 τῇ
1484 1754 1724 1835 ἡμετέρῃ
1764 1782 1945 1817 κατοι-

345 1844 590 1919 κημένοι,
606 1842 793 1907 Ἴωνές
816 1870 879 1904 τε
903 1844 998 1906 καὶ
1014 1846 1246 1908 Αἰολέες
1262 1843 1354 1903 καὶ
1370 1844 1607 1921 Δωριέες
1631 1844 1945 1913 καλέονται.

349 1930 645 2008 ἐπειρήθην
678 1932 742 1991 δὲ
781 1932 874 1991 καὶ
915 1930 1082 1995 αὖτὸς
1111 1930 1217 2008 ἤδη
1244 1932 1559 1993 ἐπελαύνων
1586 1932 1677 1991 ἐπὶ
1691 1931 1828 1997 τοῦς
1853 1930 1944 1993 ἄν·

347 2017 480 2093 δρας
512 2019 756 2089 τούτους,
783 2019 894 2079 ὑπὸ
935 2018 1151 2096 πατρὸς
1188 2024 1291 2079 τοῦ
1331 2024 1439 2090 σοῦ
1471 2021 1808 2083 κελευσθείς·
1852 2021 1950 2079 καί

343 2130 444 2180 μοι
481 2107 650 2185 μέχρι
687 2106 1036 2181 Μακεδονίης
1071 2106 1359 2178 ἐλάσαντι,
1387 2100 1487 2167 καῖ
1510 2106 1706 2189 ὀλίγον
1745 2106 1944 2168 οἷπολι-

346 2192 508 2252 πόντι
551 2198 606 2257 ἐς
649 2192 817 2257 αὖτοῖς
848 2192 1090 2267 Ἀθήνας
1132 2192 1452 2267 ἀπικέσθαι,
1490 2194 1666 2259 οὐδεὶς
1703 2194 1944 2271 άντιώθη

343 2282 404 2342 ἐς
439 2280 649 2359 μάχην.
733 2281 911 2339 καίτοι
936 2306 1002 2361 γε
1029 2281 1237 2343 ἐωθασι
1252 2280 1549 2358 Ελληνες,
1576 2282 1649 2346 ὦς
1673 2282 1943 2343 πυνθάνο-

341 2392 465 2443 μαι,
499 2365 864 2442 ἀβουλότατα
903 2370 1185 2445 πολέμους
1228 2367 1576 2442 ἵστασθαι,ι
1541 2368 1653 2429 υπό
1683 2394 1745 2428 τε
1770 2368 1942 2450 ἄγνω-

341 2453 595 2530 μοσύνης
617 2455 712 2513 κοὶ
731 2454 1085 2529 σκαιότητος·
1130 2456 1297 2517 ἐπεὰν
1338 2456 1447 2536 γάρ
1490 2454 1805 2530 ἀλλήλοισι
1843 2457 1941 2516 πό-

341 2545 522 2617 λεμον
563 2544 890 2619 προείπωσι,
931 2543 1239 2619 ἐξευρόντες
1281 2544 1347 2603 τό
1392 2541 1706 2603 κάλλιστον
1740 2545 1942 2622 χωρίον

343 2631 438 2689 καὶ
479 2630 787 2701 λειότατον,
829 2635 882 2693 ἐς
926 2636 1091 2690 τοῦτο
1136 2630 1413 2692 κατιόντες
1458 2630 1754 2711 μάχονται·
1796 2630 1949 2691 ὥστε

345 2716 453 2778 σῦν
479 2722 626 2798 κακῷ
663 2718 893 2800 μεγάλω
919 2722 974 2777 οἱ
1000 2722 1253 2781 νικῶντες
1279 2716 1773 2780 απαλλάσσονται·
1815 2718 1943 2795 περὶ

345 2805 405 2865 δὲ
428 2811 538 2866 τῶν
567 2807 898 2883 ἐοτσωμένων
923 2805 1050 2865 ουδὲ
1074 2806 1224 2887 λέγω
1251 2804 1448 2885 οἷρχην,
1477 2806 1702 2877 ἐξώλεες
1722 2833 1834 2915 γαρ
1862 2806 1941 2881 δη

343 2894 608 2971 γίνονται·
653 2920 792 2956 τους
836 2899 996 2973 χρῆν,
1041 2893 1229 2959 ἐόντας
1274 2894 1699 2976 ὁμογλώσσους,
1749 2892 1947 2970 κήρυξί

344 3008 405 3039 τε
432 2982 864 3061 διαχρεωμένους
890 2983 980 3042 καὶ
1007 2982 1307 3063 ἀγγέλοισι
1349 2981 1805 3059 καταλαμβάνειν
1843 3005 1946 3045 τας

344 3068 636 3145 διαφοράς,
664 3070 765 3147 καὶ,
781 3070 948 3129 παντὶ
971 3074 1201 3146 μᾶλλον
1224 3068 1262 3145 ἦ
1282 3070 1526 3149 μάχῃσι·
1570 3074 1618 3128 εἰ
1642 3069 1701 3128 δὲ
1726 3068 1945 3132 πάντως

345 3155 457 3215 ἔδεε
499 3156 795 3233 πολεμέειν
821 3156 961 3233 πρὸς
986 3154 1292 3231 ἀλλήλους,
1324 3158 1656 3237 ἐξευρίσκειν
1693 3160 1840 3237 χρῆν
1871 3160 1945 3235 τῇ

343 3241 599 3317 ἐκάτεροί
640 3246 754 3305 εἶσι
797 3242 1309 3322 δυσχειρωτότατ-ι,
1360 3246 1451 3307 καὶ
1503 3243 1678 3323 ταύτῃ
1726 3246 1947 3323 πειρᾶν·
