2192 3409
307 153 526 219 16—19]
919 152 1328 203 mmmxopn.
1882 154 1913 205 7

221 251 227 257 ’
308 235 612 311 μέταλλον,
642 236 705 307 ἐξ
729 232 794 297 οὗ
822 237 1060 312 ὕστερον
1095 234 1308 294 τούτων
1334 229 1615 293 τάλαντον
1649 230 1918 312 οἷργυρίου

307 320 655 403 Ἀλεξάνδρῳ
707 324 919 404 ἡμέρης
979 321 1219 396 ἑκάστης
1254 321 1473 395 ἐφοίτα·
1540 319 1684 396 μετὰ
1735 319 1795 378 δὲ
1848 319 1915 379 τό

308 410 612 485 μέταλλον,
671 412 944 489 Δύσωρον
999 407 1338 485 καλεόμενον
1380 406 1542 485 οὖρος
1581 406 1909 485 υπερβοίντα

312 497 450 557 εἶναι
484 502 542 558 ἐν
573 499 913 579 Μακεδονίῃ.
997 501 1072 558 Οἱ
1113 495 1188 556 ὦν
1219 498 1444 573 Πέρσαι
1476 498 1530 555 οἳ
1565 495 1915 572 πεμφθέντες
1936 497 2009 554 18

313 583 466 645 οὗτοι
511 587 665 665 παροῖ
706 588 806 647 τὸν
843 585 1125 665 Ἀμύντην
1160 610 1231 647 ως
1244 583 1551 655 ἀπίκοντο,
1594 585 1777 643 αἴτεον
1818 588 1922 642 ἐλ-

313 674 502 738 θόντες
540 680 593 739 ἐς
639 674 772 754 ὄψιν
813 674 919 751 τήν
957 672 1239 751 Ἀμύντεω
1278 672 1498 751 Δαρείω
1528 671 1769 747 βασιλέῖ
1805 675 1914 753 γῆν

311 786 372 819 τε
395 762 487 820 καὶ
505 761 669 840 ὕδωρ·
706 762 740 823 6
761 762 821 823 δὲ
846 762 1023 823 ταῦτά
1047 786 1109 821 τε
1137 760 1333 830 ἐδίδου,
1362 759 1460 818 καί
1481 760 1665 835 σφεας
1692 759 1783 819 ἐπὶ
1808 760 1915 829 ξεί·-

311 874 402 907 νια
441 851 646 909 καλέει·
695 847 1269 928 παρασκευασάμενος
1312 848 1370 907 δὲ
1411 848 1631 907 δεῖπνον
1669 850 1911 928 μεγαλο-

316 940 532 1010 πρεπὲς,
575 938 790 998 ἐδέκετο
830 964 960 1002 τους
999 938 1233 1014 Πέρσας
1275 934 1650 1049 φιλοφρόνως.
1736 934 1806 997 ὥς
1852 935 1913 993 δὲ

313 1022 424 1083 α’πό
463 1024 684 1085 δείπνου
720 1026 1018 1109 ἐγένοντο,
1024 1024 1368 1085 διαπίνοντες
1402 1023 1563 1083 εἶπαν
1596 1026 1651 1081 οἱ
1688 1023 1943 1101 Πέρσαι

312 1110 464 1169 τάδε·
507 1122 542 1147 “
559 1113 701 1181 ξεῖνε
735 1111 1092 1183 Μακεδων,“
1054 1115 1191 1189 ημῖν
1226 1110 1394 1188 νόμος
1427 1110 1549 1170 ἐστὶ
1575 1113 1729 1169 τοῖσι
1766 1112 1909 1187 Πέρ-

314 1224 473 1276 σῃσι,
503 1199 669 1258 ἐπεαν
695 1199 914 1259 δεῖπνον
939 1198 1329 1277 προτιθώμεθα
1353 1199 1517 1279 μέγα,
1542 1197 1671 1257 τότε
1696 1199 1789 1255 καὶ
1812 1197 1913 1261 τὰς

315 1286 611 1351 παλλακὰς
637 1288 728 1346 καὶ
752 1287 852 1351 τὰς
871 1287 1147 1363 κουριδίας
1160 1284 1421 1367 γυναῖκας
1447 1284 1757 1366 ἐσάγεσθαι
1787 1311 1926 1363 παρ-

315 1374 520 1451 έδρους·
603 1374 680 1435 σύ
711 1401 824 1446 νυν,
863 1377 1088 1451 ἐπείπερ
1125 1373 1421 1451 προθύμως
1452 1376 1557 1451 μὲν
1592 1373 1781 1443 ἐδέξαο
1814 1398 1911 1450 με·

313 1462 498 1542 γέλως
523 1462 584 1522 δὲ
609 1464 868 1535 ξεινίζεις,
895 1463 1064 1526 διδοῖς
1087 1488 1149 1523 τε
1174 1463 1439 1538 βασιλέϊ
1435 1463 1671 1575 Δαρείῳ
1703 1464 1811 1543 γῆν
1845 1487 1909 1521 τε

317 1550 408 1607 καὶ
432 1549 649 1627 ὕδωρ,
621 1576 750 1610 επεο
786 1549 936 1630 νόμῳ
967 1554 1044 1629 τῶ
1068 1550 1336 1629 ἤμετέρω·
1410 1549 1531 1609 εἶπε
1562 1549 1703 1625 πρὸς
1729 1552 1906 1609 ταῦτα

315 1633 606 1712 Ἀμύντης·
648 1647 684 1671 “
701 1636 743 1695 ὦ
775 1638 1014 1715 Πέρσαι,
1043 1636 1215 1714 νόμος
1244 1639 1348 1713 μὲν
1379 1636 1515 1714 ἡμῖν
1545 1637 1615 1717 γε’
1648 1641 1771 1696 ἐστι
1808 1662 1909 1695 ουκ

316 1722 491 1793 οὗτος,
534 1722 687 1785 α’λλιὶ
730 1726 1069 1804 κεχωρίσθαι
1108 1723 1310 1801 ἄνδρας
1348 1728 1637 1804 γυναικῶν·
1688 1724 1813 1783 ἐπεί
1845 1740 1909 1798 τε

315 1812 374 1871 δὲ
398 1811 555 1889 ύμεΐς
581 1812 762 1875 ἐόντες
781 1811 1054 1873 δεσπόται
1075 1811 1464 1890 προσχρῄζετε
1488 1812 1741 1883 τουτέων,
1768 1836 1909 1889 παρ-

316 1899 474 1960 έσται
513 1899 646 1977 ύμῖν,
679 1900 772 1959 καὶ
806 1898 1032 1959 ταῦτα.”
1081 1899 1239 1963 εἴπας
1269 1904 1523 1959 τοσαῦτα
1564 1898 1597 1959 ὁ
1632 1898 1910 1977 Ἀμύντης

311 1988 693 2063 μετεπέμπετο
712 1987 811 2050 τὰς
845 1991 1128 2067 γυναῖκας·
1176 1989 1235 2046 αἶ
1262 1986 1309 2046 δ’
1336 1989 1463 2047 ἐπεί
1477 2013 1541 2047 τε
1577 1988 1909 2065 καλεόμεναι

311 2073 505 2151 ἦλθον,
533 2075 730 2150 ἐπεξῆς
755 2074 936 2135 ἀντίαι
964 2075 1147 2145 ἵζοντο
1170 2078 1325 2134 τοῖσι
1352 2076 1637 2153 Πέρσῃσι·
1672 2076 1909 2135 ἐνθαῦτα

313 2165 366 2220 οῖ
384 2162 607 2238 Πέρσαι
637 2162 878 2239 ἰδόμενοι
901 2164 1167 2245 γυναῖκας
1193 2161 1525 2239 εὖμόρφους,
1554 2164 1749 2245 ἔλεγον
1764 2163 1908 2240 πρός

311 2246 586 2325 Ἀμύντην
632 2248 875 2327 φάμενοι
919 2258 954 2285 “
969 2249 1036 2309 τό
1082 2251 1313 2325 ποιηθὲν
1357 2254 1524 2310 τοῦτο
1571 2248 1727 2311 οὐδὲν
1769 2250 1907 2310 εἶναι

312 2336 518 2412 σοφόν·
561 2338 808 2414 κρέσσον
847 2337 958 2417 γοῖρ
999 2336 1139 2397 εἶναι
1178 2336 1422 2416 ἀρχῆθεν
1462 2337 1543 2413 μὴ
1586 2338 1770 2397 ἐλθεῖν
1808 2338 1909 2401 τσῖς

308 2428 586 2503 γυναῖκας,
625 2422 662 2499 ἦ
705 2423 984 2489 ἐλθούσας
1023 2424 1117 2483 καὶ
1162 2425 1243 2501 μή
1295 2424 1666 2501 παριζομένας
1720 2422 1909 2489 οἷντίας

310 2510 528 2581 ἵζεσθαι
553 2510 868 2593 ἀλγηδόνας
903 2519 1016 2590 σφι
1051 2510 1420 2589 ossoaapfivss‘
1461 2510 1907 2594 ἀναγκαζόμενος

309 2598 424 2659 δὲο
411 2597 427 2618 ‘
458 2597 755 2709 Ἀμύντης
762 2600 978 2659 ἐκέλευε
997 2601 1266 2678 παρίζειν·
1307 2600 1676 2676 πειθομενέων
1702 2601 1762 2659 δὲ
1796 2626 1909 2661 των

306 2690 596 2765 γυναικῶν,
623 2683 820 2746 αυτίκα
846 2690 901 2747 οἱ
925 2688 1152 2763 Πέρσαι
1174 2690 1408 2765 μαστῶν
1437 2714 1500 2747 τε
1526 2686 1787 2759 ἅπτοντο,
1816 2690 1909 2749 οἶα

307 2771 564 2835 πλεύνιιικςΔ
579 2774 879 2850 οἰνωμένοι,
909 2774 1006 2833 καί
1027 2801 1126 2834 κου
1150 2799 1235 2837 τις
1262 2773 1353 2832 καὶ
1380 2776 1599 2850 φιλέειν
1622 2780 1902 2853 ἐπειρᾶτο·

305 2858 580 2936 Ἀμύντης
608 2863 712 2937 μὲν
749 2860 816 2937 δὴ
851 2865 1029 2921 ταῦτα
1064 2860 1235 2939 ὁρέων
1260 2860 1502 2939 ἀτρέμας
1537 2863 1653 2941 εἶχε
1680 2864 1779 2921 καί
1799 2888 1905 2939 περ
1927 2866 2000 2921 19

306 2944 648 3023 δυσφορέων,
679 2946 772 3007 οἶα
793 2948 1226 3025 ὑπερδειμαίνων
1261 2948 1394 3012 τοῦς
1420 2951 1671 3026 Πέρσας·
1712 2948 1905 3019 Ἀλέξ-

305 3034 501 3111 ανδρος
521 3034 580 3093 δὲ
599 3033 632 3093 ὁ
653 3032 934 3112 Ἀμύντεω
952 3035 1173 3113 παρεών
1191 3061 1254 3097 τε
1282 3036 1375 3095 καὶ
1401 3036 1569 3115 ὁρέων
1588 3039 1780 3105 ταῦτα,
1808 3035 1907 3096 ἅτε

307 3120 426 3183 νέος
451 3148 513 3181 τε
538 3122 639 3181 ἐῶν
667 3124 758 3180 καὶ
785 3126 967 3182 κακῶν
991 3122 1231 3198 ἀπαθής,
1269 3121 1521 3197 ούδαμῶς
1547 3122 1626 3179 ἔτι
1654 3124 1907 3201 κατέχειν

305 3208 421 3272 οἶός
445 3234 506 3269 τε
526 3208 614 3286 ἦν·
644 3209 790 3269 ὥστε
810 3209 870 3267 δὲ
884 3208 1106 3287 βαρέως
1128 3209 1311 3285 φέρων
1332 3207 1451 3266 εἶπε
1470 3206 1611 3284 πρός
1627 3206 1905 3285 Ἀμύντεα

304 3294 453 3356 τάδε·
497 3308 532 3333 ‘'
549 3296 626 3356 σύ
662 3300 782 3367 μὲν,
824 3294 868 3354 ὦ
907 3296 1101 3367 πάτερ,
1145 3296 1256 3355 εἶκε
1294 3297 1369 3367 τῇ
1404 3294 1599 3367 ἡλικίῃ
1635 3293 1814 3354 α’πιῶν
1843 3318 1907 3353 τε
