2192 3409
268 90 485 155 85-89]
908 88 1220 159 θ’]ςΡΑΝῐΑ.
1769 91 1864 137 253

272 169 363 227 καὶ
409 167 694 245 συνήνεικε
738 168 1051 245 ποιησάσῃ·
1121 167 1424 244 διωκομένη
1463 166 1574 249 γὰρ
1615 165 1725 227 ὑπὸ
1765 171 1867 243 τῆς

270 254 538 330 Ἀττικῆς,
596 258 851 333 φέρουσα
907 256 1145 331 ἐνέβαλε
1199 255 1290 331 νηῒ
1330 255 1516 333 φιλίῃ,
1558 253 1767 331 ἀνδρῶν
1806 279 1868 312 τε

271 344 606 403 Καλυνδέων
648 344 740 403 καὶ
780 342 949 402 αὐτοῦ
992 342 1356 405 ἐπιπλέοντος
1392 346 1493 401 τοῦ
1534 342 1869 402 Καλυνδέων

270 432 549 508 βασιλέος
590 429 1023 509 Δαμασιθύμου·
1068 434 1116 489 εἰ
1153 431 1256 507 μὲν
1296 430 1392 488 καί
1423 455 1478 489 τι
1516 433 1690 492 νεῖκος
1726 429 1869 506 πρὸς

272 518 441 579 αὐτᾶν
489 518 739 600 ἐγεγόνεε
782 522 863 577 ἔτι
902 518 1030 595 περὶ
1071 516 1504 591 Ἑλλήσποντον
1546 517 1758 586 ἐόντων,
1805 516 1870 577 οὗ

269 607 462 682 μέντοι
516 608 687 686 ἔγωγε
740 606 849 685 ἔχω
904 609 1090 675 εἰπεῖν,
1143 606 1250 664 εἴτε
1303 610 1363 663 ἐκ
1417 607 1678 683 προνοίης
1731 604 1873 665 αὐτοὶ

274 694 521 768 ἐποίησε,
564 694 675 755 εἴτε
728 691 1072 769 συνεκύρησε
1126 693 1164 769 ἦ
1203 697 1314 753 τῶν
1356 694 1690 753 Καλυνδέων
1731 693 1871 753 κατοὶ

272 780 449 859 τύχην
490 783 905 858 παραπεσοῦσα
951 784 1100 857 νηῦς·
1169 780 1240 843 ὥς
1285 781 1344 839 δὲ
1391 781 1630 856 ἐνέβαλέ
1669 806 1732 841 τε
1779 782 1872 840 καὶ

275 868 557 944 κατέδυσε,
601 868 825 948 εὖτυχίῃ
860 868 1208 948 χρησαμένη,
1241 868 1472 927 διπλὰἶε
1448 894 1652 943 εωυτην
1687 867 1872 949 ἀγαθοὶ

276 955 577 1036 ἐργάσατο·
618 956 651 1017 ὅ
691 983 753 1016 τε
794 983 905 1038 γαρ
944 982 1047 1032 της
1074 955 1332 1029 Ἀττικῆς
1372 955 1501 1031 νηός
1538 954 1872 1034 τριήραρχος

278 1042 349 1104 ὥς
401 1041 512 1101 εἶδέ
560 1069 659 1120 μιν
701 1042 1113 1121 ἐμβάλλουσαν
1159 1044 1247 1119 νηι
1292 1041 1504 1119 ἀνδρῶν
1542 1042 1870 1119 βαρβάρων,

278 1130 516 1205 νομίσας
538 1131 642 1207 τὴν
669 1135 777 1206 νῆα
801 1131 905 1207 τὴν
928 1129 1350 1208 Ἀρτεμισίης*
1316 1156 1353 1207 η
1379 1130 1686 1206 Ἑλληνίδα
1717 1130 1870 1200 εἶναι,

276 1243 313 1291 η
353 1216 712 1295 αὐτομολέειν
748 1225 807 1279 ἐκ
847 1223 957 1281 τῶν
986 1218 1301 1296 βαρβάρων
1339 1219 1434 1279 καὶ
1473 1218 1695 1280 αυτοῖσι
1734 1218 1872 1293 cip&-

276 1329 404 1375 νειν,
434 1304 796 1386 ἀποστρέψας
820 1332 961 1383 προς
988 1306 1222 1369 ἅλλας’
1197 1305 1484 1383 ετράπετο.
1561 1310 1740 1381 Τοῦτο
1766 1308 1868 1383 μὲν
1891 1309 1974 1364 88

276 1396 497 1453 τοιοῦτο
531 1392 672 1473 αυτῇ
709 1394 995 1469 συνήνεικε
1030 1394 1309 1474 γενέσθαι,
1341 1394 1658 1473 διαφυγέειν
1687 1418 1750 1452 τε
1783 1418 1874 1451 και

276 1504 357 1554 μη
394 1479 731 1541 α’πολέσθαι·
759 1486 925 1541 τοῦτο
963 1481 1037 1551 δὲ,
1076 1480 1364 1557 συνέβη”’
1324 1506 1467 1541 ωστε
1503 1480 1674 1542 κακὸν
1713 1484 1872 1561 ἔργα-ο

279 1568 547 1642 σαμένην,
596 1568 707 1628 ἀπὸ
748 1568 955 1630 τούτων
996 1566 1171 1643 αὐτὴν
1209 1568 1466 1645 μάλιστα
1507 1567 1875 1645 εὐδοκιμῆσαι

281 1654 432 1730 παρὰ
458 1655 657 1733 Ξέρξῃ·
688 1656 914 1737 λέγεται
939 1682 1048 1737 γαρ
1074 1657 1329 1733 βασιλέα
1357 1655 1654 1733 θηεύμενον
1677 1658 1882 1733 μαθεῖν

278 1740 383 1815 τὴν
410 1746 515 1817 νῆα
544 1744 932 1819 ἐμβαλοῦσαν·
970 1745 1063 1803 καὶ
1090 1743 1160 1820 δή
1185 1768 1310 1803 τινα
1336 1743 1484 1805 εἶπαι
1510 1747 1618 1803 τῶν
1643 1742 1876 1819 παρεόν-

279 1853 407 1885 των·
450 1839 485 1863 “
502 1830 766 1899 δέσποτα,
796 1830 929 1909 ὁρᾷς
952 1830 1332 1909 Ἀρτεμισίην,
1360 1830 1430 1893 ὥς
1467 1830 1524 1889 εῧ
1559 1829 1878 1911 ἀγωνίζεται

282 1916 374 1973 καὶ
395 1919 500 1991 νῆα
520 1921 629 1977 τῶν
648 1920 931 1995 πολεμίων
952 1916 1220 1979 κατέδυσε
1231 1916 1277 1987 ;”
1312 1918 1403 1987 καὶ
1420 1917 1520 1979 τὸν
1541 1919 1884 1995 ἐπείρεσθαι,.

282 2008 329 2061 εἰ
370 2002 621 2080 οἶληθέως
665 2006 787 2066 ἐστὶ
833 2005 1192 2083 Ἀρτεμιο-’ίης
1235 2002 1302 2065 τὸ
1351 2006 1546 2086 ἔργον;
1601 2006 1702 2065 «καὶ
1745 2005 1876 2069 τούς

281 2089 456 2165 φάναι
481 2094 709 2169 σαφέως
734 2092 801 2152 τὰ
840 2093 1118 2169 ἐπίσημον
1158 2095 1260 2167 τῆς
1290 2092 1420 2167 νηὸς
1457 2094 1874 2169 ἐπισταμένους·

278 2178 381 2253 τήν
418 2179 478 2237 δὲ
510 2180 922 2256 διαφθαρεῖσαν
952 2179 1262 2254 ἠπιστέατο
1299 2179 1436 2239 εἶναι
1470 2181 1766 2257 πολεμίην·
1806 2179 1879 2239 τά

280 2290 343 2323 τε
368 2265 478 2345 γὰρ
505 2266 675 2339 ἄλλα,
706 2266 776 2329 ὥς
804 2267 1031 2343 εἴρηται,
1062 2266 1204 2345 αὐτῇ
1231 2266 1517 2343 συνήνεικε
1543 2271 1598 2330 ἐς
1624 2266 1880 2345 εὐτυχίην

282 2351 569 2431 γενόμενα,
594 2354 685 2411 καὶ
710 2353 777 2413 τὰ
803 2358 913 2413 τῶν
934 2358 995 2412 ἐκ
1019 2358 1120 2429 τῆς
1140 2354 1492 2429 Καλυνδικῆς
1513 2353 1642 2429 ν”ηός
1667 2354 1878 2430 μηδένα

284 2438 650 2500 ἀποσωθέντα
686 2440 997 2521 κατήγορον
1034 2443 1316 2523 γενέσθαι·
1386 2442 1598 2519 Ξέρξην
1634 2441 1693 2501 δὲ
1730 2440 1881 2499 εἶπαι

283 2528 509 2608 λέγεται
547 2527 688 2605 πρός
719 2527 792 2588 τοὶ
829 2528 1170 2607 φραζόμενα·
1221 2541 1256 2565 “
1275 2534 1328 2589 οἱ
1359 2532 1462 2605 μὲν
1497 2527 1686 2605 ἄνδρες
1716 2528 1878 2609 γεγό-

284 2616 423 2674 νασί
446 2642 545 2693 μοι
584 2620 853 2697 γυναῖκες·
898 2621 956 2676 αἱ
996 2617 1055 2677 δὲ
1093 2620 1348 2699 γυναῖκες
1387 2616 1624 2694 ἅνδρες.”
1703 2619 1880 2675 ταῦτα

282 2704 387 2777 μὲν
413 2704 624 2782 Ξέρξην
651 2706 799 2781 φασὶ
826 2704 989 2765 εἶπαι.

361 2789 460 2850 Ἐν
488 2792 545 2851 δὲ
571 2796 648 2871 τῷ
672 2792 823 2873 πόνῳ
847 2792 1024 2872 τούτῳ
1050 2791 1164 2852 ἀπὸ
1189 2794 1293 2867 μὲν
1319 2791 1478 2851 ἔθανε
1503 2790 1536 2850 ὁ
1564 2791 1878 2871 στρατηγὸς
1897 2792 1970 2849 89

284 2875 649 2961 Ἀριαβίγνης
684 2880 715 2939 ὁ
755 2880 1007 2957 Δαρείου,
1049 2879 1267 2955 Ξέρξεω
1297 2878 1400 2938 ε’ὢν
1431 2877 1722 2949 ἀδελφεὰς,
1765 2876 1878 2935 οἷπό

286 2964 345 3024 δὲ
398 2965 569 3027 ἄλλοι
622 2968 839 3027 πολλοί
871 2992 933 3026 τε
975 2967 1067 3027 καὶ
1119 2965 1428 3041 ὀνομαστοὶ
1469 2964 1736 3040 Περσέων
1789 2963 1882 3019 καὶ

288 3053 511 3129 Μήδων,
558 3056 649 3115 καὶ
682 3060 793 3115 τῶν
823 3053 1015 3113 αλλων
1052 3077 1382 3129 συμμαχων·
1431 3049 1616 3130 ὀλίγοι
1649 3049 1709 3107 δέ
1742 3074 1884 3111 τινες

289 3141 380 3197 καὶ
404 3140 713 3217 Ἑλλήνων·
756 3142 852 3201 ἅτε
892 3167 1001 3221 γαρ
1042 3141 1183 3199 νέειν
1225 3137 1599 3218 ἐπισταμενοι,
1631 3139 1784 3195 τοῖσι
1825 3161 1907 3193 αι’

290 3230 411 3349 νΙῆἶς
452 3228 847 3349 ἓὸεφθείροντο,
882 3228 973 3285 καὶ
1003 3226 1085 3302 μὴ
1119 3231 1177 3285 ἐν
1204 3229 1404 3303 χειρῶν
1445 3223 1594 3302 νόμω
1634 3220 1881 3283 ἀπολλύ-
