2192 3409
311 126 534 195 ⁷3-761
935 122 1369 177 ΦΕΡΨῙΧΟΡΗ.
1488 135 1495 144 ·
1856 128 1923 177 33

310 210 416 283 μὲν
462 207 530 283 δή
569 205 910 315 ἀπελθόντες
950 212 1020 271 ἐς.
1051 233 1158 283 την
1198 210 1426 281 {mm-«w,
1452 207 1631 269 αἰτίας
1669 205 1925 287 μεγάλας

315 295 481 375 εἶχον.

394 382 722 460 Κλεομένης
774 383 835 442 δὲ
887 383 1259 460 ἐπισταμενος
1310 381 1787 459 περιῦβρίσθαι”
1759 407 1920 442 επεσι
1936 385 2017 444 74

313 471 406 530 καὶ
433 472 650 552 ἔργοισι
687 470 784 530 ὕπ’
819 470 1148 547 Ἀθηναίων,
1176 471 1445 551 συνέλεγε
1486 474 1547 529 ἐκ
1586 469 1779 545 πάσης
1806 476 1919 530 Πε-

312 558 673 635 λοποννήσου
719 558 984 635 στρατόν,
1033 558 1101 617 οὗ
1144 557 1399 665 φράζωνῆ
1416 563 1473 621 ἐς
1514 556 1583 618 τό
1627 560 1919 638 συλλέγει,

312 647 592 706 τίσασθαί
624 672 687 706 τε
729 647 937 706 ἐθέλων
974 646 1075 706 τόν
1108 646 1288 723 δῆμον
1318 650 1429 705 τῶν
1466 644 1790 721 Ἀθηναίων,
1819 646 1916 705 καὶ

312 732 618 815 Ἰσαγόρην
640 734 995 811 βουλόμενος
1023 732 1294 811 τῦραννον
1320 737 1697 809 καταστῆσαι·
1726 735 1979 803 συνεξ-

312 824 456 897 ἦλθε
494 822 606 904 γάρ
639 826 694 883 οἱ
729 820 894 887 οὗτος
927 826 989 882 ἐκ
1015 825 1121 897 τῆς
1145 820 1505 899 ἀκροπόλιος.
1588 823 1919 899 Κλεομένης

310 935 375 968 τε
404 910 474 987 δὴ
509 911 703 991 στόλῳ
735 910 970 992 μεγάλω
1002 911 1315 986 ἐσέβαλε’
1284 935 1345 973 ες
1372 907 1691 979 Ἐλευσῖνα,
1720 909 1813 968 καὶ
1854 912 1912 968 οἱ

313 999 550 1058 Βοιωτοὶ
574 998 686 1059 ‹ivr-<3
713 998 1070 1076 συνθήματος
1088 996 1296 1073 Οἰνόην
1312 997 1564 1074 αἱρέουσι
1586 996 1677 1055 καὶ
1696 996 1915 1066 Ὑσιὰς,

313 1083 524 1160 δήμους
558 1087 690 1149 τούς
727 1088 1001 1165 ἐσχάτως
1040 1089 1145 1162 τῆς
1178 1084 1455 1161 Ἀττικῆς·
1504 1084 1811 1147 Χαλκιδέες
1850 1109 1915 1145 τε

316 1173 408 1231 ἐπὶ
446 1173 519 1233 τοὶ
557 1174 716 1251 ἔτερα
755 1175 1008 1234 ἐσίνοντο
1041 1172 1287 1236 ἐπιόντες
1322 1171 1585 1253 [χώρους]
1617 1176 1719 1247 τῆς
1748 1169 1929 1231 Ἀττι-

316 1263 433 1336 κῆς.
487 1259 776 1337 Ἀθηναῖοι
799 1262 878 1331 δὲ,
905 1263 1105 1339 καίπερ
1130 1260 1461 1337 ἀμφιβολίῃ
1482 1259 1755 1337 ἐχόμενοι,
1784 1265 1915 1318 Βοι-

314 1353 466 1409 ωτῶν
488 1352 593 1426 μὲν
613 1349 705 1408 καὶ
724 1350 1050 1409 Χαλκιδέων
1075 1354 1133 1412 ἐς
1158 1347 1395 1424 ὕστερον
1420 1349 1662 1423 ἔμελλον
1687 1347 1916 1424 μνήμην

313 1435 674 1513 ποιήσεσθαι·
704 1436 1228 1512 Πελοποννησίοισι
1244 1436 1322 1504 δὲ,
1346 1438 1503 1495 ἐοῦσι
1528 1440 1588 1495 ἐν
1605 1433 1910 1505 Ἐλευσῖνι,

314 1523 474 1583 ἀντία
502 1526 690 1585 ἔθεντο
712 1525 786 1584 ‘rol
811 1524 986 1584 ὅπλα.
1067 1523 1415 1584 Μελλόντων
1451 1523 1511 1583 δὲ
1541 1522 1813 1601 συνάψειν
1837 1550 1908 1585 τα
1892 1524 2007 1584 75

315 1611 671 1687 στρατόπεδα
697 1616 752 1676 ἐς
776 1610 986 1691 μάχην,
1007 1612 1300 1689 Κορίνθιοι
1324 1614 1428 1689 μὲν
1447 1636 1660 1689 πρωτοι
1674 1613 1788 1688 σφῖ
1814 1610 1909 1671 αὗ-

312 1702 468 1757 τοῖσι
493 1697 678 1763 δόντες
695 1699 874 1780 λόγον
901 1699 972 1764 ὥς
997 1698 1066 1759 οὗ
1090 1703 1304 1759 ποιοῖεν
1320 1726 1395 1760 τα
1376 1698 1615 1770 δίκαια,
1630 1700 1910 1777 μετεβάλ-

313 1785 485 1846 λοντό
507 1810 570 1847 τε
597 1786 691 1846 καὶ
718 1785 1193 1847 ἀπαλλάσσοντο·
1232 1812 1377 1864 μετα
1412 1786 1489 1857 δὲ,
1517 1787 1910 1865 Δημάρητος
1876 1815 1913 1847 ο

311 1870 662 1949 Ἀρίστωνος,
699 1874 800 1935 ε’ὣν
842 1875 936 1933 καὶ
979 1871 1143 1938 οὗτος
1181 1872 1464 1951 βασιλεῦς
1502 1876 1909 1951 Σπαρτιητέων,

312 1961 404 2018 καὶ
431 1962 827 2043 συνεξαγαγών
864 1988 928 2022 τε
957 1961 1062 2038 τήν
1098 1961 1368 2039 στρατιὴν
1404 1966 1465 2021 ἐκ
1495 1960 1913 2039 Λακεδαίμονος

313 2047 404 2106 καὶ
429 2046 528 2107 οὔκ
556 2049 659 2109 ἐὼν
683 2050 954 2127 διάφορος
979 2054 1038 2109 ἐν
1061 2053 1140 2128 τῷ
1163 2049 1417 2127 πρόσθεν
1447 2050 1630 2129 χρόνῳ
1654 2051 1909 2128 Κλεομέ-

313 2142 410 2193 νεΐ·
453 2136 590 2216 (ἀπὸ
617 2136 677 2196 δὲ
700 2135 906 2213 ταύτης
929 2140 1032 2212 τῆς
1057 2136 1426 2216 διχοστασίης
1451 2138 1613 2214 ε’τέθη
1640 2137 1809 2215 νόμος
1848 2144 1911 2198 ἐν

312 2222 561 2303 Σπάρτῃ,
586 2225 670 2301 μή
697 2224 898 2295 ἐξεῖναι
925 2226 1163 2285 ἔπεσθαι
1204 2225 1556 2303 ἀμφοτέρους
1581 2226 1711 2289 τούς
1734 2228 1907 2305 βασι-

309 2314 454 2385 λῆας
489 2311 748 2389 ἐξισυσης
787 2316 889 2388 τῆς
931 2317 1219 2390 στρατιῆς·
1264 2315 1398 2377 τέως
1439 2340 1550 2394 γαρ
1590 2313 1906 2391 α’μφότεροι

311 2399 554 2458 εἵποντο·
596 2400 1026 2477 παραλυομένου
1052 2400 1113 2460 δε
1135 2426 1345 2461 τουτων
1376 2426 1475 2460 του
1510 2402 1716 2505 ἑτέρου,
1744 2427 1907 2460 κατα-

308 2487 608 2547 λείπεσθαι
633 2487 726 2546 καὶ
752 2491 862 2547 τῶν
885 2487 1259 2566 Τυνδαριδεων
1282 2513 1382 2549 τον
1416 2488 1622 2564 ἔτερον·
1662 2489 1773 2601 πρὸ
1803 2514 1908 2549 του

307 2596 418 2652 γαρ
446 2573 514 2649 δή
551 2575 646 2633 καὶ
676 2600 829 2635 ουτοι
864 2574 1195 2654 ἀμφότεροι,
1224 2576 1521 2652 ἐπίκλητοί
1554 2583 1668 2653 σφι
1702 2576 1899 2649 ἐόντες,

310 2659 575 2742 εἶποντο·)
614 2661 744 2723 τότε
769 2662 838 2739 δὴ
864 2668 925 2724 ἐν
950 2665 1022 2742 vij
1047 2662 1335 2724 Ἐλευσῖνι
1350 2664 1609 2741 ὁρέωντες
1628 2668 1683 2725 οἱ
1707 2667 1904 2726 λοιποὶ

305 2750 417 2807 τῶν
443 2749 756 2829 συμμάχων
780 2750 910 2813 τούς
933 2776 995 2811 τε
1014 2753 1311 2827 βασιλῆας
1324 2757 1439 2814 τῶν.
1453 2754 1903 2832 Λακεδαιμονίων

309 2834 408 2894 οὐκ
463 2835 873 2919 ὁμολογέοντας
926 2839 1019 2898 καὶ
1060 2838 1393 2916 Κορινθίους
1432 2841 1761 2903 ἐκλιπόντας
1798 2840 1905 2917 τήν

307 2921 481 2993 τάξιν,
510 2924 734 3007 οἴχοντο
761 2926 854 2985 καὶ
889 2924 1046 2986 αὐτοὶ
1085 2924 1617 3004 ἀπαλλασσόμενοι.
1698 2928 1897 3005 Τέταρ-
1918 2930 1996 2990 76

305 3034 405 3070 τον
437 3011 505 3086 δὴ
539 3017 707 3074 τοῦτο
739 3014 832 3075 ἐπὶ
866 3014 970 3090 τὴν
994 3012 1257 3088 Ἀττικήν
1292 3013 1619 3090 ἀπικόμενοι
1651 3016 1903 3091 Δωριέες,

306 3103 387 3169 δίς
411 3130 474 3166 τε
499 3107 590 3167 ἐπὶ
615 3109 848 3188 πολέμῳ
874 3107 1221 3184 ἐσβαλόντες
1247 3108 1339 3166 καὶ
1364 3109 1447 3171 δὶς
1473 3107 1557 3167 ἐπ’
1584 3108 1777 3189 ἀγαθῷ
1800 3114 1902 3169 τοῦ

304 3193 552 3269 πλήθεος
592 3200 693 3257 τοῦ
728 3195 1056 3273 Ἀθηναίων·
1103 3199 1326 3271 πρῶτον·
1364 3198 1483 3272 μὲν,
1522 3195 1617 3255 ὅτε
1660 3197 1752 3255 καὶ
1782 3200 1899 3257 Μέ-

303 3304 452 3361 γαρα
479 3284 823 3346 κατοίκισαν·
854 3281 1038 3360 (οὗτος
1063 3282 1096 3341 ὁ
1126 3280 1352 3353 στόλος,
1372 3283 1461 3343 ἐπὶ
1479 3283 1703 3359 Κόδρου
1728 3286 1900 3359 βασι-
