2192 3409
297 141 515 206 11--151
899 140 1305 189 ’.ιἘΡΨΙΧοΡΗ.
1864 141 1899 186 5.

295 221 484 298 χίονος
509 216 610 279 τᾶν
639 218 809 279 ἵππον
836 220 928 279 καὶ
956 220 1287 297 στρέφουσα
1312 220 1412 280 τόν
1429 218 1720 296 ἄτρακτον.
1778 224 1893 277 Θω-
1915 220 1989 277 13

296 307 483 383 μάζων
504 307 563 366 δὲ
588 305 621 367 ό
649 310 884 383 Δαρεῖος
908 307 980 368 τά
999 334 1061 368 τε
1079 306 1289 384 ἤκουσε
1310 313 1369 367 ἐκ
1396 310 1508 369 τῶν
1528 305 1895 367 κατασκόπων

299 396 390 453 καὶ
417 394 488 455 τοὶ
514 394 681 459 aia-63
709 395 839 473 ὥρα,
867 395 1022 478 ἄγειν
1043 394 1215 471 αὐτὴν
1238 398 1453 455 ἐκέλευε
1476 398 1651 474 ἑωυτῷ
1671 399 1727 458 ἐς
1746 393 1893 471 ὄψιν·

298 483 368 547 ὥς
401 484 460 542 δὲ
491 482 602 563 ἄχθ
641 528 656 553 ,
693 488 960 561 παρῆσαν
999 484 1090 543 καὶ
1124 487 1178 544 οἱ
1218 482 1488 560 ἀδελφεοὶ
1525 482 1697 559 αὐτῆς
1733 482 1798 542 οὔ
1825 508 1930 593 κ.

295 571 494 650 πρόσω
531 572 776 647 σκοπιὴν
805 573 1023 653 ἔχοντες
1051 571 1280 633 τούτων·
1326 572 1679 650 εἷρωτέωντος
1706 570 1765 630 δὲ
1794 598 1896 630 του

299 661 539 736 Δαρείου
587 659 846 737 ὁποδαπὴ
890 662 1008 737 εἶη;
1079 662 1302 737 ἔφασαν
1344 663 1397 719 οἳ
1442 659 1721 735 νεηνίσκοι
1759 658 1897 719 εἶναι

298 749 538 813 Παίονες
565 748 655 807 καὶ
679 750 894 825 ἐκείνην
919 748 1056 810 εἶναι
1077 750 1271 826 σφέων
1291 746 1591 825 ἀδελφεήν·
1619 745 1651 807 ό
1678 746 1723 805 δ’
1745 746 1898 824 ἀμεί-

296 838 456 913 βετο,
484 838 627 900 τίνες
653 837 712 896 δὲ
738 841 791 897 οἳ
819 838 1061 901 Παίονες
1086 836 1372 914 ἄνθρωποί
1395 840 1521 907 εἰσι,
1551 835 1641 895 καὶ
1669 839 1769 895 κοῦ
1794 838 1899 917 γῆς

299 925 597 1002 οἰκημένοι,
626 926 719 985 καὶ
744 926 805 986 τί
827 929 996 986 κεῖνοι
1033 926 1320 989 ἐθέλοντες
1345 925 1562 985 ἔλθοιεν
1589 929 1643 987 ἐς
1672 922 1897 1001 Σάρδις;
1930 938 1933 941 ’

299 1014 354 1071 οἱ
394 1012 457 1072 δέ
495 1016 549 1073 οἱ
591 1014 850 1091 ἔφραζον,
893 1012 965 1077 ὥς
1003 1014 1220 1073 ἔλθοιεν
1260 1015 1363 1090 μὲν
1404 1012 1587 1091 ἐκείνῳ
1629 1010 1901 1075 δώσοντες

299 1102 485 1175 σφέας
525 1100 736 1173 αὐτοῦς,
786 1103 868 1178 εἴη
910 1102 970 1161 δὲ
1009 1100 1046 1177 ἦ
1091 1101 1335 1178 Παιονίη
1374 1102 1465 1160 ἐπὶ
1504 1104 1581 1179 τῷ
1622 1099 1898 1177 Στρυμόνι

299 1192 534 1265 ποταμῷ
569 1189 975 1265 πεπολισμένη·
1019 1186 1051 1248 ὅ
1080 1189 1139 1248 δὲ
1170 1188 1436 1266 Στρυμῶν
1473 1186 1537 1248 οὗ
1575 1186 1771 1263 πρόσω
1798 1190 1898 1246 τοῦ

297 1273 752 1351 Ἑλλησπόντου·
803 1275 998 1352 εἴησαν
1038 1276 1099 1335 δὲ
1139 1280 1391 1353 Τευκρῶν
1434 1278 1543 1335 τῶν
1590 1280 1650 1333 ἐκ
1698 1274 1900 1350 Τροίης

299 1362 541 1423 ἄποικοι·
581 1366 634 1423 οἱ
663 1368 768 1442 μὲν
795 1364 863 1440 δὴ
891 1363 1032 1424 αὐτὰ
1060 1364 1271 1424 ἕκαστα
1299 1365 1511 1445 ἔλεγον·
1552 1361 1585 1421 ὁ
1612 1361 1671 1421 δὲ
1699 1360 1895 1439 εἰρώτα

301 1455 349 1509 εἰ
387 1453 477 1510 καὶ
514 1457 696 1513 πᾶσαι
729 1454 926 1529 εἴησαν
962 1452 1159 1514 αὐτόθι
1196 1456 1254 1513 αἱ
1290 1456 1541 1533 γυναῖκες
1569 1449 1709 1511 ὅῧτω
1736 1450 1895 1532 ἐργά-

299 1540 465 1609 τιδες;
511 1544 564 1599 οἳ
592 1541 651 1599 δὲ
679 1542 770 1599 καὶ
795 1545 962 1601 τοῦτο
985 1542 1210 1616 ἔφασαν
1244 1540 1540 1618 προθύμως
1567 1539 1707 1599 οὕτω
1734 1541 1899 1619 ἔχειν·

300 1626 472 1687 αὐτοῦ
497 1628 606 1709 γὰρ
635 1628 708 1688 ὦν
732 1628 930 1689 τούτου
957 1630 1138 1689 εἵνεκα
1163 1631 1255 1689 καὶ
1283 1630 1543 1689 ἐποιέετο.

378 1714 656 1777 Ἐνθαῢτα
693 1721 928 1795 Δαρεῖος
959 1717 1168 1798 γράφει
1200 1717 1505 1799 γράμματα
1531 1715 1672 1793 πρὸς
1708 1714 1898 1795 Μεγά-
1919 1717 1993 1774 14

298 1804 496 1879 βαζον,
523 1804 622 1865 τᾶν
658 1806 815 1865 ἔλιπε
842 1810 900 1865 ἐν
925 1810 999 1885 τῇ
1030 1806 1246 1884 Θρηίκῃ
1279 1802 1615 1885 στρατηγὸν,
1646 1802 1899 1863 ἐντελλό-

298 1917 463 1968 μενος
516 1892 896 1970 ἐξαναστῆσαι
950 1892 1012 1963 ἐξ
1061 1891 1240 1969 ἠθέων
1294 1889 1556 1967 Παίονας,
1613 1891 1707 1949 Υικαὶ
1769 1889 1899 1966 παρ’

301 1979 500 2041 ἑωυτὸν
525 1979 758 2061 ἀγαγεῖν
779 1982 870 2039 καὶ
898 1979 1101 2044 αὖτοῦς
1129 1982 1221 2040 καὶ
1245 1980 1411 2040 τέκνα
1436 2006 1497 2040 τε
1526 1980 1617 2038 καὶ
1636 1982 1901 2059 γυναῖκας

301 2066 496 2127 αὐτῶν.
579 2067 776 2128 αὐτίκα
813 2069 873 2128 δὲ
907 2067 1103 2131 ἶππεῦς
1142 2069 1259 2129 ἔθεε
1285 2069 1472 2145 φέρων
1496 2066 1599 2142 τὴν
1632 2065 1902 2147 ἀγγελίην

301 2155 392 2214 ἐπὶ
424 2156 524 2215 τὸν
559 2155 1010 2231 Ἑλλήσποντον·
1051 2156 1375 2233 περαιωθεὶς
1402 2147 1460 2214 δέ
1488 2154 1631 2215 διδοῖ
1659 2153 1724 2215 τό
1762 2156 1900 2229 βιβ-

299 2244 426 2303 λίον
461 2246 538 2321 τῷ
573 2243 918 2323 Μεγαβάζῳ·
966 2242 999 2303 ὅ
1028 2243 1086 2303 δὲ
1125 2242 1535 2320 ἐπιλεξάμενος,
1570 2242 1662 2301 καὶ
1702 2239 1903 2317 λαβῶν

298 2329 576 2410 ἡγεμόνας
635 2336 694 2389 ἐκ
751 2333 853 2405 τῆς
907 2331 1165 2408 Θρηΐκης,
1226 2330 1589 2407 ἐστρατεύετο
1644 2329 1736 2388 ἐπὶ
1797 2328 1899 2403 τήν

300 2419 592 2494 Παιονίην.
675 2418 996 2495 Πυθόμενοι
1049 2420 1109 2479 δὲ
1162 2422 1216 2479 οἱ
1273 2414 1513 2481 Παίονες
1568 2416 1699 2480 τούς
1752 2417 1897 2493 Πέρ-
1921 2418 1995 2475 15

299 2530 408 2570 σας
455 2508 546 2565 ἐπὶ
587 2507 773 2582 σφέας
815 2507 968 2578 ἱέναι,
1017 2507 1345 2570 ἁλισθέντες
1393 2504 1899 2581 ἐξεστρατεύσαντο

297 2592 439 2671 πρός
479 2594 798 2671 θαλάσσης·
842 2594 1123 2659 δοκέοντες
1158 2593 1332 2673 ταύτῃ
1370 2593 1747 2674 ἐπιχειρήσειν
1774 2592 1902 2655 τοῦς

299 2681 530 2760 Πέρσας
577 2681 992 2759 ἐμβάλλοντας.
1075 2685 1130 2742 οἱ
1180 2686 1285 2760 μὲν
1337 2682 1405 2759 δή
1460 2682 1699 2745 Παίονες
1752 2681 1902 2757 ἦσαν

299 2771 512 2846 ἑτοῖμοι
536 2768 638 2830 τόν
663 2770 1013 2850 Μεγαβάζου
1041 2769 1286 2847 στρατὸν
1323 2768 1549 2829 ἐπιόντα
1577 2768 1805 2846 ἐρύκειν·
1844 2770 1898 2827 οἱ

298 2855 358 2913 δὲ
396 2859 619 2933 Πέρσαι
655 2856 962 2932 πυθόμενοι
993 2858 1340 2917 συναλίσθαι
1374 2857 1507 2920 τούς
1533 2857 1782 2919 Παίονας
1810 2856 1902 2913 καὶ

295 2944 400 3019 τήν
435 2944 578 3021 πρός
615 2943 916 3019 θαλάσσης
943 2944 1203 3021 ἐσβολὴν
1231 2944 1654 3019 φυλάσσοντας,
1684 2944 1902 3020 ἔχοντες

295 3029 590 3111 ἡγεμόνας,
618 3030 724 3108 τήν
743 3030 854 3091 ἅνω
880 3032 1011 3093 ὁδὸν
1035 3030 1359 3109 τράπονται·
1393 3030 1662 3092 λαθόντες
1688 3029 1749 3088 δὲ
1772 3028 1902 3092 τούς
1930 3040 1939 3047 ’

297 3120 548 3183 Παίονας
590 3119 934 3180 ἐσπίπτουσι
974 3124 1030 3182 ἐς
1067 3119 1169 3181 τοὶς
1207 3117 1413 3180 πόλιας
1452 3115 1647 3187 αύτῶν,
1698 3116 1900 3179 ἐούσας

296 3205 508 3284 ἀνδρῶν
529 3207 782 3285 ἐρήμους·
806 3208 898 3267 οἶα
917 3207 978 3265 δὲ
999 3208 1216 3284 κεινῇσι
1237 3203 1610 3273 ἐπιπεσόντες,
1634 3204 1899 3264 εὗπετέως

297 3296 594 3373 κατέσχον.
679 3298 734 3355 οἱ
761 3295 821 3353 δὲ
848 3295 1088 3356 Παίονες
1114 3290 1185 3355 οἷς
1213 3290 1481 3350 ἐπύθοντο
1508 3291 1777 3367 ἐχομένας
1800 3288 1901 3349 τοὶς
