2192 3409
335 154 552 220 53--571
1013 132 1265 205 EPA'mj'
1865 158 1928 210 79

332 236 619 311 βασιλέας
655 235 824 317 μέχρι
862 238 966 313 μὲν
993 236 1248 314 Περσέος
1278 239 1377 295 τοῦ
1405 232 1645 311 Δανάης,
1673 240 1773 295 τοῦ
1802 238 1933 297 θεοῦ

333 320 619 393 ἀπεόντος,
649 323 1127 404 καταλεγομένους
1152 322 1329 401 ὀρθῶς
1360 323 1471 383 ὑπὸ
1508 321 1801 399 Ἑλλήνων
1840 325 1933 383 καὶ

333 408 826 487 ἀποδεικνυμένους
869 410 939 475 ὥς
983 415 1092 471 εἰσι
1116 410 1413 487 Ἕλληνες·
1458 410 1587 491 (ἤδη
1631 409 1744 492 γοὶρ
1786 438 1933 487 τηνι-

334 501 510 556 καῦτα
551 504 605 561 ἐς
631 499 921 574 Ἕλληνας
963 497 1119 559 οὗτοι
1155 501 1419 581 ἐτέλεον)
1462 500 1624 568 ἔλεξα
1668 500 1728 558 δὲ
1764 500 1933 579 μέχρι

335 586 605 661 Περσέος,
623 585 756 645 ἀλλ’
772 585 876 645 οὐκ
898 585 1164 647 α’νέκαθεν
1192 588 1270 647 ἔτι
1295 589 1524 663 ἔλαβον,
1552 587 1715 647 τοῦδε
1736 587 1931 658 εἵνεκα,

333 670 422 731 ὅτι
467 671 568 731 οὐκ
615 675 809 733 ἔπεστι
853 676 1133 752 ἐπωνυμίη
1181 676 1400 752 Περσέῖ
1444 674 1672 753 οὐδεμία
1718 676 1930 753 πατρὸς

334 761 555 837 θνητοῦ,
585 760 776 839 ὥσπερ
801 762 1077 840 Ἡρακλέϊ
1100 761 1479 841 Ἀμφιτρύων·
1520 762 1628 839 ἤδη
1672 763 1746 823 ὧν
1789 764 1934 843 ὀρθῷ

333 848 488 930 λόγῳ
529 852 820 931 χρεωμένῳ
857 852 1029 931 μέχρι
1068 854 1171 911 τοῦ
1208 852 1465 929 Περσέος
1504 850 1681 928 ὀρθῶς
1724 854 1940 929 εἴρηταί

333 962 450 1011 μοι.
498 936 612 997 α’πό
640 939 700 998 δὲ
726 938 952 1016 Δανάης
975 942 1076 1014 τῆς
1099 937 1389 1016 Ἀκρισίου
1418 940 1782 1020 καταλέγοντι
1806 939 1935 1003 τούς
1972 962 1983 971 ·

335 1024 445 1083 ἅνω
472 1026 580 1085 αἰεὶ
603 1027 848 1103 πατέρας
872 1026 1067 1096 αὐτῶν,
1095 1026 1392 1102 φαινοίατο
1420 1025 1489 1086 ἂν
1518 1025 1697 1089 ε’όντες
1733 1030 1785 1085 οἱ
1825 1032 1933 1086 τῶν

337 1117 590 1190 Δωριέων
614 1114 884 1196 ἡγεμόνες
907 1113 1206 1195 Αἰγύπτιοι
1236 1116 1527 1195 ἰθαγενέες.
1608 1118 1797 1172 Ταῦτα
1828 1116 1932 1190 μέν
1950 1119 2025 1175 54

334 1226 433 1259 νυν
475 1201 618 1261 κατὰ
655 1201 728 1261 τὰ
741 1202 1019 1279 Ἕλληνες
1061 1203 1299 1283 λέγουσι
1334 1200 1819 1283 γεγενεηλόγηται·
1858 1202 1934 1266 οἷς

335 1290 396 1347 δὲ
427 1288 461 1350 ὅ
489 1291 754 1368 Περσέων
774 1285 966 1373 ’λόγος
1008 1292 1251 1373 λέγεται,
1280 1290 1446 1358 αὐτὸς
1476 1289 1507 1348 ὁ
1536 1291 1791 1366 Περσεύς
1832 1292 1931 1349 ε’ὢν

334 1376 639 1457 Ἀσσύριος
667 1380 883 1461 ἐγένετο
900 1378 1140 1454 Ἕλλην,
1162 1377 1292 1438 ἀλλ’
1315 1376 1416 1437 οὐκ
1442 1380 1495 1437 οἱ
1516 1379 1773 1455 Περσέος
1799 1379 1932 1456 πρό·
1991 1405 2001 1413 ·

331 1489 508 1546 γονοι·
548 1466 682 1531 τοῦς
720 1468 780 1526 δὲ
815 1466 1104 1544 ῨΑκρισίου
1135 1493 1205 1547 γε
1242 1467 1484 1543 πατέρας
1519 1464 1932 1548 ὁμολογέοντας

334 1553 452 1613 κατ’
472 1556 792 1631 οἶκηῖότητα
813 1555 1027 1632 Περσέῖ
1053 1554 1226 1625 οὐδὲν,
1246 1554 1473 1617 τούτους
1499 1555 1559 1613 δὲ
1586 1554 1739 1626 εἶναι,
1770 1556 1929 1616 κατοί-
2016 1606 2021 1610 .

333 1666 440 1718 περ
456 1641 736 1717 Ἕλληνες
763 1644 1013 1723 λέγουσι,
1044 1643 1401 1723 Αἰγυπτίους.
1484 1643 1600 1703 Καὶ
1625 1647 1799 1703 ταῦτα
1825 1646 1929 1721 μέν
1947 1648 2024 1703 ὄὺ

331 1754 431 1788 νυν
468 1730 597 1807 περὶ
635 1729 842 1792 τούτων
875 1731 1137 1807 εἰρήσθω·
1182 1730 1213 1790 ὅ
1238 1757 1294 1789 τι
1320 1730 1379 1789 δὲ
1406 1730 1585 1794 ἐόντες
1612 1731 1923 1812 Αἰγύπτιοι,

334 1818 427 1875 καὶ
462 1816 496 1877 ὅ
529 1842 583 1877 τι
621 1816 1025 1894 οἷποδεξιίμενοι
1067 1820 1284 1894 ἔλαβον
1321 1818 1421 1881 τὰς
1459 1819 1712 1895 Δωριέων
1758 1823 1927 1895 βασι-

331 1904 510 1979 ληΐας,
561 1905 796 1967 ἄλλοισι
840 1906 950 1987 ’γὰρ
998 1906 1127 1983 περὶ
1182 1904 1359 1965 αὐτῶν
1413 1907 1637 1983 εἴρηται,
1689 1907 1931 1984 ἐάσομεν

332 1990 488 2065 αὐτὰ,
525 1996 599 2055 τοὶ
635 1994 695 2053 δὲ
729 1993 901 2053 ἄλλοι
935 1992 1000 2053 οὖ
1043 1992 1429 2069 κατελάβοντο
1462 1994 1671 2055 τούτων
1708 1995 1931 2071 μνήμην

329 2083 656 2161 ποιήσομαι.

411 2173 585 2248 Γέρεα
611 2172 670 2230 δὲ
697 2170 766 2247 δὴ
792 2170 924 2230 τάδε
949 2172 1102 2229 τοῖσι
1127 2170 1443 2245 βασιλεῦσι
1471 2174 1816 2247 Σπαρτιῆται
1843 2172 1923 2229 δε-
1946 2172 2022 2230 56

330 2258 560 2317 δόκασι·
611 2257 882 2335 ἱρωσύνας
924 2257 1038 2329 δύο,
1083 2256 1221 2320 Διός
1265 2284 1327 2317 τε
1374 2258 1788 2335 Λακεδαίμονος
1835 2260 1927 2317 καὶ

331 2346 468 2409 Διός
496 2345 792 2421 Οὐρανίου·
837 2344 929 2403 καὶ
969 2344 1222 2422 πόλεμόν
1256 2372 1323 2426 γε
1360 2346 1613 2421 εκφέρειν
1652 2344 1736 2403 ἐπ’
1762 2344 1833 2420 ἥν
1864 2344 1931 2404 ἂν

327 2432 651 2507 βούλωνται
689 2432 896 2511 χώρην·
934 2431 1133 2493 τούτου
1160 2432 1218 2491 δὲ
1244 2434 1455 2508 μηδένα
1488 2432 1625 2490 εἶναι
1653 2432 1929 2509 Σπαρτιη-

327 2522 464 2580 τέων
506 2518 868 2596 διακωλυτήν·
912 2525 959 2580 εἰ
1001 2522 1061 2580 δὲ
1102 2520 1200 2597 μὴ,
1236 2518 1404 2579 αὐτον
1449 2525 1507 2579 ἐν
1540 2524 1617 2596 τῷ
1654 2518 1779 2600 ἄγεϊ
1820 2521 1929 2579 ε’νέ-

327 2610 554 2687 χεσθαι·
582 2611 1034 2687 στρατευομένων
1060 2610 1136 2679 δὲ,
1163 2608 1414 2686 πρώτους
1442 2608 1577 2667 ἰέναι
1604 2632 1733 2671 τους
1756 2608 1929 2685 βασι-

327 2697 462 2759 λέας
485 2696 758 2761 ὖστοίτους
787 2698 848 2757 δὲ
873 2697 1113 2757 ἀπιέναι·
1144 2697 1338 2756 ἑκατὸν
1366 2697 1427 2755 δὲ
1454 2695 1653 2774 ἄνδρας
1680 2696 1926 2779 λογάδας
1947 2722 1951 2728 ·

327 2786 420 2843 ε’πὶ
446 2790 715 2862 στρατιῆς
743 2785 1066 2861 φυλάσσειν
1092 2784 1308 2847 αὐτούς·
1334 2784 1681 2863 προβάτοισι
1710 2786 1768 2844 δὲ
1793 2788 1929 2863 χρᾶ-

329 2874 465 2932 σθαι
492 2878 550 2933 ἐν
575 2879 712 2952 τῇσι
741 2874 988 2952 ἐξοδίῃσι
1015 2872 1277 2933 ὁκόσοισι
1311 2871 1378 2932 ἂν
1412 2872 1485 2931 ὧν
1522 2874 1777 2932 ἐθέλωσι·
1820 2875 1931 2930 τῶν

327 2960 387 3018 δὲ
432 2963 711 3039 θυομένων
742 2960 999 3021 απάντων
1035 2988 1107 3020 τα
1148 2960 1393 3038 δέρματά
1433 2986 1494 3021 τε
1540 2962 1629 3018 καὶ
1671 2960 1741 3019 τοὶ
1784 2962 1929 3018 νῶτα

326 3050 646 3123 λαμβάνειν
672 3051 875 3125 σφέας.
936 3054 1112 3109 ταῦτα
1136 3052 1241 3125 μὲν
1267 3076 1339 3108 τα
1367 3049 1704 3126 ἐμπολέμια.
1759 3046 1843 3104 Τα
1871 3048 1929 3104 δε
1945 3047 2021 3107 57

327 3135 496 3207 ἅλλα,
517 3163 589 3195 τα
618 3141 879 3214 εἰρηναῖα,
905 3162 1043 3195 κατα
1069 3136 1201 3195 τάδε
1229 3144 1341 3212 σφι
1370 3136 1603 3195 δέδοται·
1632 3161 1701 3209 ην
1730 3134 1930 3210 θυσίην

325 3250 408 3287 τις
434 3225 717 3307 δημοτελῆ
743 3224 1015 3299 ποιέηται,
1043 3223 1293 3300 πρώτους
1325 3225 1415 3283 ἐπὶ
1438 3223 1506 3283 τὸ
1534 3224 1756 3283 δεῖπνον
1800 3222 1931 3293 ἵζειν

326 3312 455 3374 τούς
497 3312 797 3381 βασιλέας·
841 3311 932 3369 καὶ
973 3309 1085 3372 ἅττ-ὂ
1133 3308 1341 3372 τούτων
1386 3317 1608 3378 πρῶτον
1653 3309 1929 3375 ἔργεσθαι
