2192 3409
280 78 495 141 90-94]
917 73 1228 127 omnm.
1559 90 1562 93 >
1777 82 1874 131 255

276 160 528 237 πορθμῷ,
569 158 706 240 ἔργα
744 157 1081 228 ἀπεδέξαντο
1121 158 1300 241 λόγου
1339 156 1486 229 ἄξια·
1529 160 1584 219 οἳ
1619 160 1724 236 μὲν
1761 161 1872 242 γὰρ

276 244 564 323 Ἀθηναῖοι
602 250 659 307 ἐν
694 251 771 325 τῷ
812 245 1037 325 θορύβῳ
1075 246 1352 323 ἐκεράῖζον
1383 245 1484 309 τάς
1517 272 1579 305 τε
1613 246 1874 308 ἀντιστα-

276 335 446 414 μένας
474 333 565 393 καὶ
599 332 699 397 τὰς
731 332 1053 413 φευγούσας
1081 337 1192 392 τῶν
1228 338 1388 409 νηῶν,
1418 337 1472 393 οἱ
1498 334 1558 393 δὲ
1584 339 1875 414 Αἰγινῆται

276 422 377 485 τοὶς
432 422 813 485 ἐκπλωούσας·
894 420 1032 485 ὅκως
1078 422 1141 481 δέ
1182 446 1325 484 τινες
1368 422 1498 485 τοῦς
1548 421 1876 499 Ἀθηναίους

280 509 618 591 διαφύγοιεν,
649 508 948 587 φερόμενοι
984 510 1288 570 ἐσέπιπτον
1313 514 1368 573 ἐς
1398 536 1529 572 τους
1558 509 1874 591 Αἰγινήτας.

277 594 555 658 Ἐνθαῦτα
595 596 924 675 συνεκύρεον
964 623 1090 672 νηες
1127 596 1167 673 ἥ
1203 622 1268 657 τε
1303 599 1718 685 Θεμιστοκλέος
1757 597 1872 658 διώ-
1893 600 1970 657 92

280 710 461 745 κουσα
510 688 621 761 νῆα
665 686 757 743 καὶ
802 684 840 761 ἦ
890 686 1245 763 Πολυκρίτου
1287 690 1388 745 τοῦ
1431 690 1628 763 Κριοῦ,
1677 685 1875 763 οἷνδρὸς

280 771 601 853 Αἰγινήτεω,
641 800 732 850 νηι
774 774 1114 850 ἐμβαλοῦσα
1161 772 1469 851 Σιδωνίῃ“’
1431 799 1574 851 ηπερ
1617 774 1734 833 εἷλε
1771 773 1878 849 τήν
1933 828 1938 833 .

279 860 813 937 προφυλάσσουσαν
866 860 956 919 ἐπὶ
1012 858 1246 939 Σκιάθῳ,
1287 860 1392 936 τὴν
1444 863 1748 942 Αἰγιναίην,
1792 860 1876 920 ἐπ’

281 945 349 1023 ἧς
374 950 538 1007 ἔπλεε
563 950 787 1025 Πυθέης
813 948 845 1008 ὁ
870 948 1143 1027 Ἰσχένου,
1168 947 1268 1007 τόν
1303 952 1357 1007 οἱ
1395 949 1618 1026 Πέρσαι
1643 974 1875 1009 κατακο-

282 1036 454 1108 πέντα
480 1036 678 1113 α’,ρετῆς
704 1037 883 1095 εἵνεκα
914 1036 1067 1115 εἶχον
1099 1041 1156 1095 ἐν
1183 1040 1257 1113 τῇ
1292 1062 1382 1112 νηι
1419 1034 1876 1115 ἐκπαγλεόμενοι·

280 1122 381 1181 τᾶν
406 1121 475 1198 δη
506 1123 853 1204 περιάγουσα
887 1150 1006 1202 αμα
1040 1149 1194 1197 τοισι
1221 1124 1486 1203 Πέρσῃσι
1519 1122 1643 1199 ἥλω
1678 1127 1808 1199 νηῦς
1837 1122 1877 1199 ἤ

282 1210 535 1288 Σιδωνίη,
590 1211 735 1272 ὥστε
776 1213 1001 1288 Πυθέην
1043 1210 1186 1271 οὕτω
1227 1213 1479 1288 σωθῆναι
1519 1216 1574 1273 ἐς
1621 1212 1873 1291 Αἴγιναν*

282 1325 354 1362 ως
396 1299 455 1359 δὲ
498 1300 676 1360 ἐσεῖδε
705 1299 811 1376 τήν
840 1304 948 1375 νῆα
986 1298 1091 1373 τὴν
1135 1297 1394 1375 Ἀττικὴν
1435 1298 1468 1359 ὁ
1506 1298 1873 1375 Πολύκριτος,

282 1386 417 1467 ἔγνω
454 1388 521 1447 τὰ
558 1387 807 1465 σημήϊον
842 1386 969 1447 ῑδῶν
1003 1390 1106 1462 τῆς
1137 1387 1524 1467 στρατηγίδος,
1552 1386 1644 1445 καὶ
1679 1385 1877 1463 βώσας

280 1474 379 1534 τᾶν
412 1478 803 1551 Θεμιστοκλέα
844 1474 1274 1552 ἐπεκερτόμησε,
1315 1479 1370 1537 ἐς
1399 1477 1510 1534 τῶν
1543 1474 1878 1555 Αἰγινητέων

280 1560 383 1621 τᾶν
406 1562 691 1639 μηδισμὸν
714 1562 1005 1633 ὀνειδίζων·
1037 1566 1214 1623 ταῦτα
1239 1563 1344 1639 μέν
1369 1586 1465 1623 νυν
1489 1561 1579 1637 νηῒ
1606 1562 1874 1638 ἐμβαλῶν

282 1648 315 1707 ὁ
342 1649 692 1726 Πολύκριτος
715 1649 987 1729 ἀπέρριψε
1022 1655 1075 1713 ἐς
1102 1651 1510 1727 Θεμιστοκλέα·
1553 1652 1608 1709 οἱ
1643 1650 1702 1708 δὲ
1724 1650 1872 1728 βάρ-

280 1738 473 1813 βαροι,
494 1762 603 1797 των
628 1763 687 1796 αι
712 1742 838 1813 νῆες
862 1738 1260 1819 περιεγένοντο,
1284 1737 1584 1846 φεύγοντες
1609 1736 1875 1797 ἀπίκοντο

284 1828 339 1887 ἐς
364 1823 685 1902 Φαληρον”
652 1824 761 1885 υπό
787 1825 887 1885 τόν
910 1825 1079 1896 πεζὸν
1107 1824 1370 1908 στρατόν.
1419 1896 1422 1899 ι

361 1910 465 1972 Ἐν
514 1914 573 1971 δὲ
623 1918 695 1991 τῇ
744 1910 1022 1993 ναυμαχίῃ
1073 1912 1248 1991 ταύτῃ
1293 1911 1543 1995 ἥκουσαν
1587 1912 1876 1989 Ἑλλήνων
1893 1916 1971 1973 93

284 1997 489 2075 ἄριστα
533 2005 864 2083 Αἰγινῆται·
928 2002 1019 2061 ἐπὶ
1064 2001 1142 2071 δὲ,
1181 2000 1486 2077 Ἀθηναῖοι·
1567 2000 1778 2079 ἀνδρῶν
1819 2002 1878 2060 δὲ
1965 2026 1970 2033 ·

284 2087 633 2167 Πολύκριτός
666 2116 727 2150 τε
758 2089 791 2149 ὁ
825 2080 1142 2169 Αἷγινῆτης,
1182 2089 1274 2147 καὶ
1307 2088 1594 2165 Ἀθηναῖοι
1625 2090 1880 2167 Εὐμένης

282 2200 344 2235 τε
370 2175 401 2235 ὁ
427 2175 834 2256 Ἀναγυράσιος
865 2176 959 2235 καὶ
982 2174 1264 2251 Ἀμεινίης
1294 2176 1646 2253 Παλληνεύςὴ
1689 2177 1751 2240 ὃς
1784 2179 1878 2237 καὶ

214 2294 222 2301 ·
280 2261 641 2340 Ἀρτεμισίην
700 2262 968 2348 ἐπεδίωξε.
1026 2267 1104 2330 ,εἰ
1152 2263 1256 2340 μέν
1307 2290 1403 2324 νυν
1461 2264 1632 2340 ἔμαθε
1681 2263 1769 2323 ὅτι
1821 2270 1880 2323 ἐν

282 2350 457 2428 ταύτῃ
498 2351 667 2409 πλέοι
700 2349 740 2425 ἦ
780 2349 1126 2427 Ἀρτεμισίη,
1175 2350 1274 2411 οὔκ
1311 2350 1380 2413 ἂν
1421 2351 1706 2414 ἐπαύσατο
1745 2351 1879 2426 πρό-

282 2461 445 2514 τερον
470 2435 507 2513 ἢ
535 2437 655 2497 εἷλέ
674 2464 771 2514 μιν
801 2436 838 2513 ἢ
875 2440 967 2497 καὶ
1002 2437 1168 2508 αὐτὸς
1200 2438 1340 2515 ἥλω·
1379 2444 1534 2501 τοῖσι
1564 2438 1676 2520 γὰρ
1711 2437 1878 2514 Ἀθη·

284 2526 449 2585 ναίων
487 2525 876 2605 τριηράρχοισι
916 2528 1421 2603 παρακεκέλευστο·
1488 2526 1629 2603 πρός
1669 2524 1744 2595 δὲ,
1787 2528 1878 2585 καὶ

284 2612 491 2674 ἄεθλον
522 2615 696 2675 ἔκειτο
724 2614 915 2692 μύριαι
946 2614 1210 2693 δραχμαὶ,
1239 2614 1300 2677 ὃς
1338 2613 1406 2675 ἄν
1441 2642 1538 2692 μιν
1571 2613 1712 2690 ζωὴν
1753 2614 1876 2692 ἕλῃ·

284 2701 461 2762 δεινόν
505 2702 615 2783 γάρ
666 2728 723 2763 τι
764 2706 1061 2771 ἐποιεῦντο,
1101 2705 1336 2783 γυναῖκα
1375 2704 1469 2761 ἐπὶ
1504 2702 1604 2765 τοὶς
1640 2701 1880 2777 Ἀθήνας

284 2790 706 2865 στρατεύεσθαι.
787 2790 928 2865 αὕτη
962 2791 1065 2867 μὲν
1112 2789 1198 2865 δή,
1237 2788 1308 2851 ὥς
1344 2788 1615 2866 πρότερον
1651 2790 1878 2866 εἴρηται,

285 2876 531 2958 διέφυγε·
570 2876 721 2953 ἦσαν
746 2878 807 2938 δὲ
833 2879 926 2936 καὶ
952 2881 1007 2937 οἱ
1042 2876 1214 2936 ἄλλοι
1249 2880 1359 2934 τῶν
1395 2879 1452 2933 αἱ
1479 2880 1605 2949 νῆες
1635 2901 1876 2953 περιεγε-

284 2964 526 3044 γόνεσαν
552 2970 609 3026 ἐν
633 2969 710 3044 τῷ
735 2964 995 3044 Φαλήρῳ.
1076 2963 1436 3039 Ἀδείμαντον
1463 2962 1522 3020 δὲ
1552 2962 1650 3020 τὸν
1677 2962 1876 3037 Κορίν-
1894 2964 1971 3021 94

287 3053 407 3114 θιον
472 3079 791 3133 στρατηγρν
856 3054 1093 3132 λέγουσι
1148 3050 1450 3125 Ἀθηναῖοι,
1503 3046 1699 3107 αὐτίκα
1760 3046 1875 3104 κατ’

285 3139 463 3219 ἅρχοὶς
512 3168 584 3205 ως
635 3142 977 3220 συνέμισγον
1016 3141 1075 3197 αἱ
1115 3163 1256 3213 νηες,
1297 3135 1646 3216 ἐκπλαγέντα
1683 3159 1745 3193 τε
1785 3133 1878 3191 καὶ

287 3226 705 3305 υπερδείσαντα,
730 3254 804 3289 τα
856 3226 1011 3287 ἱστία
1061 3222 1386 3301 αἷειραμενον
1435 3222 1694 3303 οἴχεσθαι
1745 3217 1878 3296 φεύ-
