2192 3409
341 99 622 163 πει-κιο]
1017 99 1245 149 Eum.
1830 99 1927 149 11⁷

333 179 605 255 προτέρου
631 176 838 236 τούτων
861 175 928 236 vd
955 176 1267 257 ἐργάσαντο
1293 178 1351 236 αἶ
1375 179 1626 257 γυναῖκες
1650 174 1781 239 τοῦς
1810 174 1929 252 ἅμα

331 265 540 324 Θόαντι
579 263 778 341 ἄνδρας
817 265 1125 339 σφετέρους
1164 263 1579 333 ἀποκτείνασαι,
1606 262 1928 339 νενόμισται

331 349 438 409 οἶνοὶ
477 350 580 427 τὴν
614 350 868 409 Ἑλλάδα
907 350 978 410 τοῖ
1023 352 1266 429 σχέτλια
1308 351 1441 431 ἔργα
1482 350 1665 410 πάντα
1698 350 1922 426 Λήμνια

333 440 656 499 καλέεσθαι.
741 437 1134 498 Ἀποκτείνασι
1198 438 1257 497 δὲ
1313 441 1465 497 τοῖσι
1519 440 1881 517 Πελασγοῖσι
1906 438 2017 496 139

331 525 458 588 τσῦς
501 527 809 603 σφετέρους
853 524 1055 588 παῖδάς
1098 552 1161 585 τε
1208 525 1301 584 καὶ
1343 528 1620 607 γυναῖκας,
1668 523 1793 583 οὔτε
1844 528 1921 605 γῆ

332 612 546 689 καρπόν
581 615 746 691 ἔφερε
783 612 907 673 οὔτε
940 612 1195 693 γυναῖκές
1228 638 1291 673 τε
1327 613 1419 671 καὶ
1458 616 1689 688 ποῖμναι
1725 610 1925 689 ὁμοίως

331 701 542 761 ἔτικτον
563 702 654 761 καὶ
673 702 786 777 πρὸ
804 705 924 761 τοῦ·
958 700 1273 778 πιεζόμενοι
1300 700 1533 779 δὲλιμῷ
1555 725 1618 761 τε
1642 698 1737 759 καὶ
1764 698 1925 758 εἶπαι·

329 786 437 867 δίῃ,
459 793 514 851 ἐς
535 788 800 867 Δελφοῦς
820 790 1067 866 ἔπεμπον
1092 788 1263 847 λύσιν
1286 787 1411 849 τινὰ
1436 788 1793 864 αἰτησόμενοι
1816 790 1927 847 τῶν

329 876 644 951 παρεόντων
677 880 876 937 κακῶν·
917 876 955 952 ἦ
989 876 1049 935 δὲ
1074 876 1263 951 Πυθίη
1305 877 1489 951 σφέας
1521 875 1737 935 ε’κέλευε
1759 874 1924 951 Ἀθη-

329 964 538 1023 ναίοισι
579 964 732 1028 δίκας
758 964 968 1039 διδόναι
991 962 1195 1025 ταύτας
1218 962 1319 1026 τὰς
1345 961 1413 1023 ἂν
1444 961 1602 1021 αὐτοὶ
1637 961 1927 1037 Ἀθηναῖοι

330 1049 620 1111 δικάσωσι·
663 1051 844 1127 ἦλθόν
867 1077 930 1112 τε
945 1050 1025 1127 .δή
1055 1050 1235 1115 ἐςτιίς
1257 1049 1499 1125 Ἀθήνας
1526 1052 1579 1109 οἱ
1605 1048 1921 1129 Πελασγοὶ,

329 1138 422 1195 καὶ
465 1138 617 1201 δίκας
651 1140 1071 1221 ἐπαγγέλλοντο
1099 1138 1443 1215 βουλόμενοι
1483 1135 1690 1195 διδόναι
1713 1136 1941 1199 παντὸς

326 1224 430 1283 τοῦ
463 1224 818 1303 ἀδικήματος·
857 1224 1148 1302 Ἀθηναῖοι
1176 1226 1236 1283 δὲ
1264 1230 1321 1284 ἐν
1346 1226 1423 1303 τῷ
1447 1222 1761 1301 πρυτανηΐῳ
1802 1221 1920 1281 κλί-

327 1337 427 1387 νην
467 1313 824 1391 στρώσαντες
866 1314 936 1376 ὦς
979 1313 1131 1392 εἶχον
1176 1311 1475 1382 κάλλιστα,
1514 1310 1605 1370 καὶ
1645 1310 1921 1387 τράπεζαν

327 1402 599 1477 ἐπιπλέην
625 1400 849 1481 οἷγαθῶν
874 1398 1093 1461 πάντων
1118 1399 1471 1477 παραθέντες,
1502 1400 1754 1458 ἐκέλευον
1791 1396 1919 1460 τούς

327 1489 668 1567 Πελασγοῦς
692 1487 797 1561 τήν
821 1486 1008 1565 χώρην
1033 1488 1210 1563 σφίσι
1230 1485 1589 1564 παραδιδόναι
1607 1484 1746 1546 οὕτω
1766 1487 1919 1564 ἔχου-

326 1578 556 1633 σαν·οἱ
597 1575 656 1633 δε
699 1574 1000 1655 Πελασγοι
1040 1573 1429 1651 ὖπολαβόντες
1474 1573 1652 1633 εἶπαν·
1699 1578 1777 1609 “’
1752 1599 1918 1633 επεαν

325 1662 506 1738 βορέῃ
537 1660 720 1740 ανέμῳ
737 1686 1057 1771 αυτημερον
1083 1666 1213 1737 νηῦς
1240 1661 1533 1740 ἐξανύσῃ’
1508 1687 1567 1720 εκ
1591 1664 1693 1736 τῆς
1730 1660 1917 1739 ὖμετέ-

325 1773 428 1823 ρης
473 1753 529 1812 ἐς
573 1746 678 1825 τήν
717 1748 1004 1858 ήμετέρην,
1046 1748 1175 1809 τότε
1216 1747 1671 1825 παραδώσομενΡ
1749 1754 1916 1809 τοῦτο

328 1834 504 1907 εἶπαν,
546 1836 906 1914 ἐπιστάμενοι
943 1841 1109 1899 τοῦτο
1158 1835 1295 1895 εἶναι
1332 1835 1596 1896 ἀδύνατον
1633 1836 1915 1916 γενέσθαι·

325 1920 363 1999 ἦ
395 1922 503 2003 γᾶρ
527 1922 754 2001 ΪΑττικῆ
785 1924 924 2002 πρὸς
952 1924 1115 1985 νότον
1156 1924 1335 1982 κέεται
1374 1924 1596 1983 πολλόν
1633 1928 1733 1998 τῆς
1758 1922 1913 1999 Λήμ-

325 2037 441 2071 νου.
519 2014 648 2074 τότε
685 2015 789 2089 μὲν
818 2016 1088 2073 τοσαῦτα·
1133 2013 1283 2071 ἔτεσι
1310 2010 1369 2069 δὲ
1396 2010 1571 2087 κάρτα
1596 2015 1872 2070 πολλοῖσι
1896 2012 2009 2069 140

323 2097 558 2177 ὕστερον
595 2100 819 2170 τούτων,
849 2099 920 2163 ὦς
958 2098 996 2175 ἦ
1022 2098 1387 2175 Χερσόνησος
1411 2096 1450 2172 ἦ
1478 2102 1535 2157 ἐν
1558 2096 1915 2173 Ἑλλησπόν-

323 2212 400 2265 τῳ
435 2188 650 2268 ἐγένετο
689 2186 780 2245 ὕπ’
815 2186 1183 2261 Ἀθηναίοισι,
1212 2185 1525 2261 Μιλτιάδης
1566 2184 1600 2246 ὅ
1640 2186 1911 2262 Κίμωνος,

326 2275 588 2349 ἐτησιέων
632 2273 844 2348 ἀνέμων
897 2272 1314 2347 κατεστηκότων
1358 2274 1449 2348 νηῒ
1496 2272 1807 2334 κατανύσας
1854 2274 1917 2341 ἐξ

324 2356 682 2421 Ἐλαιοῦντος
710 2364 810 2419 τοῦ
851 2364 908 2419 ἐν
935 2360 1283 2438 Χερσονήσῳ
1317 2366 1371 2424 ἐς
1397 2364 1645 2436 Λῆμνον,
1672 2358 1911 2438 προηγό-

323 2471 450 2524 ρευε
492 2446 689 2515 ἐξιέναι
733 2451 792 2505 ἐκ
833 2450 934 2521 τῆς
977 2447 1152 2521 νήσου
1183 2451 1336 2507 τοῖσι
1373 2449 1752 2526 Πελασγοῖσι,
1785 2444 1911 2503 οἰνα-

323 2532 650 2609 μιμνήσκων
671 2534 852 2608 σφέας
878 2533 944 2593 ‘ro‘
970 2534 1315 2612 χρηστήριον
1332 2532 1399 2593 vd
1422 2532 1638 2608 οὖδαμά
1661 2530 1913 2607 ἤλπισαν

325 2622 502 2694 σφίσι
529 2623 581 2679 οῖ
608 2621 906 2701 Πελασγοὶ
933 2622 1335 2680 ἐπιτελέεσθαι.
1416 2620 1778 2694 Ἡφαιστιέες
1810 2620 1913 2695 μέν

327 2732 422 2765 νυν
468 2708 772 2767 ε’πειθοντο.
847 2712 1147 2785 Μυριναῖοι
1194 2706 1252 2765 δὲ
1294 2705 1357 2764 οὖ
1405 2706 1915 2787 συγγινωσκόμενοι

327 2792 464 2851 εἶναι
501 2819 604 2869 την
630 2794 998 2871 Χερσόνησον
1034 2792 1295 2867 Ἀττικήν
1332 2792 1769 2868 ἐπολιορκέοντο,
1799 2798 1853 2856 ἐς
1880 2792 1913 2852 ὂ

329 2880 418 2938 καὶ
457 2880 614 2939 αὐτοὶ
653 2882 1036 2959 παρέστησαν·
1078 2879 1219 2940 οὕτω
1244 2878 1330 2956 .δῆ
1359 2880 1463 2957 τήν
1487 2882 1717 2956 Λῆμνον
1742 2880 1913 2959 ἔσχον

325 2962 614 3093 ’ἰῗθηιὶἷῖοί
633 2993 695 3027 τε
723 2967 814 3028 καὶ
839 2966 1171 3043 Μιλτιάδης.
