2192 3409
308 118 583 183 ηις-118]
942 118 1254 168 orPAmA.
1799 117 1894 171 267

302 199 434 263 λεῦς
450 204 561 280 γῆς.
573 220 639 259 τε
660 202 761 274 τῆς
788 202 1206 277 Κρηστωνικῆς,
1227 197 1472 276 Θρήῖξ,”
1443 224 1605 279 εργον
1607 198 1896 276 ὑπερφυὲς

304 286 602 367 ἐργάσατο·
658 286 719 349 ὃς
752 285 877 347 οὔτε
908 285 1073 349 αὖτος
1111 286 1222 363 ἔφη
1250 289 1327 365 τῷ
1361 286 1542 365 Ξέρξῃ
1584 286 1720 349 ἐκων
1759 285 1899 347 εἶναι

302 373 641 445 δουλεύσειν,
670 372 801 433 ἀλλ’
824 374 1009 452 οἴχετο
1029 372 1141 433 ἅνω
1164 380 1217 437 ἐς
1236 399 1302 433 το
1324 400 1484 450 ουρος
1501 371 1606 449 τήν
1623 373 1899 448 Ῥοδόπην

301 462 459 521 τοῖσί
488 486 551 521 τε
586 462 751 523 παισὶ
786 459 1098 541 ἀπηγόρευε
1126 461 1210 538 μὴ
1239 461 1658 537 στρατεύεσθαι
1681 461 1772 521 ἐπὶ
1795 459 1900 536 τήν

299 547 575 609 Ελλάδα·
632 552 687 609 οἷ
726 549 787 609 δε
828 547 1230 629 ἀλογήσαντες,
1272 546 1310 625 ἢ
1351 546 1540 613 ἄλλως
1576 555 1690 625 σφι
1725 548 1899 624 θυμός

304 637 520 716 ἐγένετο
558 635 878 713 θεήσασθαι
910 661 1015 697 τον
1048 636 1373 714 πόλεμον,’
1348 662 1746 714 εστρατευοντο
1780 634 1900 713 ἅμα

302 725 379 803 τῷ
409 724 630 802 Πέρσῃ·
685 724 805 784 ἐπεὶ
845 723 905 782 δὲ
940 722 1304 802 ἀνεχώρησαν
1335 723 1553 787 άσινέες
1581 724 1802 795 πάντες,
1839 723 1902 793 ἐξ

303 783 496 885 ἐόντες,
536 811 769 889 ἐξώρυξε
802 809 985 871 αὐτῶν
1008 810 1044 871 ό
1070 809 1256 888 πατὴρ
1293 810 1422 875 τοῦς
1451 811 1788 888 ὀφθαλμοῦς
1809 811 1902 871 διαὶ

302 898 407 974 τὴν
440 900 622 975 αἰτίην
654 899 879 975 ταύτην·
923 900 1017 958 καὶ
1042 896 1197 958 οὗτοι
1221 902 1324 976 μὲν
1348 902 1546 959 τοῦτον
1569 896 1667 957 τόν
1691 898 1901 976 μισθόν

306 987 533 1062 ἔλαβον.
614 990 689 1045 Οἶ
714 986 775 1046 δὲ
800 986 1026 1064 Πέρσαι
1052 984 1124 1049 ὥς
1150 990 1211 1045 ἐκ
1241 988 1342 1061 τῆς
1366 986 1608 1063 Θρηίκης
1631 987 1859 1062 πορευό-
1881 986 1993 1046 117

302 1096 460 1149 μενοι
485 1072 749 1133 άπίκοντο
786 1074 877 1133 ἐπὶ
910 1073 1012 1135 τᾶν
1040 1073 1234 1149 πόρον,
1263 1071 1606 1153 ἐπειγόμενοι
1639 1072 1738 1133 τόν
1771 1072 1899 1133 Έλ-

303 1159 631 1235 λήσποντον
674 1163 813 1239 τῇσι
846 1163 1013 1237 νηυσὶ
1058 1160 1338 1238 διέβησαν
1380 1166 1434 1223 ἐς
1469 1158 1742 1237 Ἀβυδον·
1802 1161 1904 1226 τσῖς

302 1247 413 1329 γάρ
468 1248 699 1327 σχεδίας
738 1247 839 1309 οὐκ
880 1246 1043 1327 εὗρον
1082 1250 1163 1308 ἔτι
1201 1248 1574 1325 ἐντεταμένας,
1617 1246 1750 1307 ἀλλ’
1789 1248 1901 1310 ὖπό

300 1340 571 1414 χειμῶνος
622 1336 1041 1415 διαλελυμένας.
1127 1336 1362 1397 ἐνθαῦτα
1415 1336 1475 1396 δὲ
1521 1334 1899 1415 κατεχόμενοι,

304 1423 459 1484 σίτια
496 1450 560 1485 τε
600 1424 757 1484 πλέω
796 1423 834 1501 ἢ
879 1423 998 1485 κατ’
1041 1422 1172 1485 ὁδόν
1226 1423 1554 1504 ἐλάγχανον,
1602 1422 1798 1483 οὐδένα
1840 1449 1903 1483 τε

304 1510 523 1588 κόσμον
588 1511 1003 1589 ἐμπιπλάμενοι
1054 1512 1149 1572 καὶ
1186 1511 1376 1572 ’ὕδατα
1423 1511 1901 1589 μεταβάλλοντες,

304 1597 660 1675 ἀπέθνησκον
693 1605 795 1659 τοῦ
831 1604 1078 1677 στρατοῦ
1113 1604 1214 1660 τοῦ
1239 1598 1553 1678 περιεόντος
1577 1600 1808 1662 πολλοί·
1847 1602 1906 1660 οἶ

304 1685 365 1744 δε
390 1685 647 1745 λοιποὶ
610 1712 728 1763 αμα
754 1685 996 1766 Ξέρξηῇ
960 1689 1314 1749 απικνέονται
1332 1692 1389 1751 ἐς
1402 1687 1634 1765 Σάρδις.
1719 1732 1724 1742 ·

373 1771 548 1835 Ἔστι
588 1774 650 1833 δὲ
692 1774 802 1833 καὶ
823 1773 1001 1837 ἄλλος
1050 1774 1144 1835 ὅδε
1195 1774 1368 1856 λόγος
1416 1776 1736 1859 λεγόμενος,
1791 1802 1864 1840 ως
1883 1778 1999 1835 118

307 1860 495 1937 ἐπειδὴ
531 1862 743 1939 Ξφξης
781 1860 1108 1923 άπελαυνων
1147 1863 1210 1933 ἐξ
1244 1862 1522 1939 Ἀθηνέων
1557 1864 1788 1926 ἀπίκετο
1818 1862 1903 1923 ἐπ’

305 1946 504 2008 Ἠιόνα
547 1976 653 2026 την
705 1950 796 2010 ἐπὶ
836 1950 1130 2028 Στρυμόνι,
1176 1951 1423 2011 ἐνθεῦτεν
1463 1950 1646 2013 οὐκέτι
1685 1950 1904 2013 ὁδοιπο-

304 2036 463 2115 ρίῃσι
503 2038 797 2117 διεχρέετο,
843 2037 999 2098 α’λλοῖ
1037 2038 1144 2113 τήν
1182 2040 1287 2114 μὲν
1339 2039 1609 2115 στρατιὴν
1651 2038 1905 2115 ’Υδάρνεῖ

306 2126 587 2203 ἐπιτρέπει
632 2124 871 2206 ἀπάγειν
916 2130 970 2188 ἐς
1014 2124 1116 2185 τὸν
1160 2123 1606 2200 Ἑλλήσποντον,
1652 2126 1816 2190 αὐτὸς
1858 2124 1906 2185 δ’

309 2212 400 2268 ἐπὶ
424 2210 554 2286 νηὸς
578 2212 886 2286 Φοινίσσης
912 2210 1133 2287 ἐπιβὰς,
1162 2211 1444 2287 ἐκομίζετο
1474 2216 1528 2273 ἐς
1557 2213 1662 2287 τὴν
1685 2212 1905 2287 Ἀσίην·

308 2296 571 2356 πλώοντα
596 2298 658 2356 δέ
680 2322 779 2373 μιν
798 2322 1001 2374 ανεμον
1023 2297 1370 2373 Στρυμονίην
1385 2292 1704 2373 ὑπολαβεῖν
1728 2299 1908 2377 μέγαν

312 2384 403 2441 καὶ
434 2384 719 2460 κυματίην·
774 2384 867 2442 καὶ
896 2383 983 2460 δη,
1018 2386 1247 2460 μᾶλλον
1273 2384 1386 2463 ’γάρ
1415 2409 1473 2443 τι
1503 2384 1906 2461 χειμαίνεσθαι,

312 2470 595 2582 γεμούσης
636 2474 737 2547 τῆς
782 2471 928 2547 νηός,
971 2470 1119 2531 ὥστε
1162 2470 1256 2529 ἐπὶ
1293 2474 1398 2531 τοῦ
1441 2469 1909 2548 καταστρώματος

314 2558 583 2621 ἐπεόντων
622 2564 843 2639 συχνῶν
883 2558 1152 2636 Περσέων
1189 2561 1299 2618 τῶν
1338 2582 1448 2618 συν
1473 2557 1656 2635 Ξέρξῃ
1681 2559 1908 2635 κομιζο-

312 2648 504 2725 μένων,
562 2649 797 2709 ἐνθαῦτα
855 2652 909 2711 ἐς
970 2648 1136 2724 δεῖμα
1185 2644 1434 2707 πεσόντα
1485 2644 1586 2705 τόν
1637 2646 1908 2722 βασιλέα,

315 2736 563 2813 εἴρεσθαι
594 2736 865 2813 βώσαντα
900 2736 998 2797 τόν
1038 2733 1398 2813 κυβερνήτεα,
1433 2733 1484 2793 εἴ
1516 2758 1600 2797 τις
1636 2732 1765 2794 ἐστί
1797 2739 1912 2811 σφι

314 2826 575 2901 σωτηρίη,
606 2825 698 2883 καὶ
732 2822 833 2883 τόν
862 2823 1031 2883 εἶπαι·
1073 2834 1108 2859 “
1130 2823 1396 2892 δέσποτα,
1435 2821 1536 2883 οὔκ
1572 2824 1726 2883 ἔστιν
1759 2821 1905 2881 οὐδε-

312 2913 431 2988 μία,
456 2910 527 2987 ἢν
550 2912 631 2988 μή
650 2912 858 2973 τούτων
876 2910 1186 2993 ἀπαλλαγή
1204 2936 1288 2974 τις
1307 2909 1534 2992 γένηται
1552 2913 1909 2971 τῶνπολλῶν

317 2999 675 3076 ἐπιβατέων·”
736 3000 827 3059 καὶ
866 3000 1075 3078 Ξέρξεα
1113 3000 1338 3080 λέγεται
1378 2998 1696 3059 ἀκούσαντα
1732 3002 1909 3058 ταῦτα

317 3086 483 3146 εἶπαι·
546 3099 583 3124 “
596 3087 788 3165 ἄνδρες
828 3088 1065 3163 Πέρσαι,
1109 3092 1207 3148 νῦν
1258 3113 1343 3153 τις
1395 3086 1691 3157 διαδεξάτω
1730 3085 1910 3163 ὑμέων

315 3174 592 3247 βασιλέος
623 3175 939 3252 κηδόμενος·
980 3180 1039 3235 ἐν
1068 3174 1199 3253 ὖμῖν
1238 3175 1350 3257 γοῖρ
1389 3174 1507 3235 οἶκε
1545 3173 1684 3235 εἶναι
1719 3174 1846 3251 ἐμοὶ
1871 3171 1911 3248 ἦ

318 3261 615 3341 σαη-ηρίη·”
651 3261 753 3324 τὸν
776 3265 881 3340 μὲν
903 3267 1079 3325 ταῦτα
1108 3264 1314 3345 λέγειν·
1353 3261 1484 3326 τοῦς
1507 3263 1568 3323 δὲ
1605 3259 1908 3341 προσκυνέ-η
