2192 3409
266 77 483 146 51-56]
935 80 1242 135 οΤΡΑΝΙΑ.
1765 82 1860 129 239

264 160 367 235 τήν
392 165 451 220 ἐν
474 164 547 239 τῇ
571 158 779 239 ἠπείρῳ
810 161 1073 241 γενέσθαι
1110 158 1220 219 ὖπὸ
1256 158 1540 238 Πέρσῃσι·
1579 159 1864 237 ἔμπροσθε

265 246 341 307 ὦν
370 248 481 325 πρὸ
513 252 615 324 τῆς
646 246 997 325 ἀκροπόλιος,
1030 246 1237 307 ὄπισθε
1269 246 1329 305 δὲ
1367 251 1479 307 τῶν
1516 246 1735 307 πυλέων
1771 248 1866 306 καὶ

263 340 364 410 τῆς
388 334 603 410 ἀνόδου,
630 339 703 414 τῇ
730 335 799 411 δὴ
824 334 951 394 οὔτε
976 361 1059 397 τις
1084 334 1384 409 ἐφύλασσε
1411 331 1522 393 οὔτ’
1549 333 1618 393 ἂν
1645 332 1861 410 ἤλπισε

208 440 217 447 ’
264 422 345 499 μή
370 424 517 483 ’κοτέ
552 449 636 486 τις
669 424 811 483 κατοὶ
842 427 1019 483 ταῦτα
1048 422 1300 497 οἶναβαίη
1335 420 1650 499 ἀνθρώπων,
1689 422 1864 501 ταύτῃ

266 509 557 586 ἀνέβησάν
574 536 718 573 τινες
744 508 884 571 κατὰ
907 509 975 569 τό
1003 508 1124 587 ἶρὸν
1147 513 1250 585 ’τῆς
1275 510 1568 586 Κέκροπος
1593 509 1867 589 θυγατρὸς

264 596 599 677 Ἀγλαύρου,
622 598 909 673 καίτοιπερ
937 595 1300 673 ἀποκρήμνου
1327 596 1514 659 ἐόντος
1537 600 1637 657 τοῦ
1664 597 1866 675 χώρου·

266 684 337 747 ὥς
376 684 436 743 δὲ
478 684 623 745 εἶδον
658 683 857 748 αὐτοῦς
896 683 1328 759 α’ναβεβηκότας
1363 685 1418 742 οἱ
1453 683 1742 760 Ἀθηναῖοι
1777 686 1866 744 ἐπὶ

265 772 367 846 τὴν
406 770 732 849 ἀκρόπολιν,
772 776 828 833 οἱ
866 774 971 849 μὲν
1012 772 1299 849 ἐρρίπτεον
1339 770 1570 835 {mm-0135
1597 771 1738 831 κατ-οὶ
1763 776 1866 833 τοῦ

265 859 479 937 τείχεος
518 859 681 931 κάτω,
710 861 803 919 καὶ
844 860 1242 937 διεφθείροντο,
1275 860 1328 917 οἱ
1361 858 1422 917 δὲ
1449 863 1507 921 ἐς
1529 858 1596 918 τὰ
1623 861 1870 939 μέγαρον

266 947 630 1028 κατέφευγον·
672 952 783 1007 τῶν
810 948 877 1011 δὲ,
896 947 1167 1023 Περσέων
1193 950 1248 1005 οἱ
1278 945 1700 1021 ἀναβεβηκότες
1723 951 1870 1023 πρῶ·

267 1060 368 1093 τον
390 1036 494 1110 μὲν
521 1034 825 1112 ἐτράποντο
862 1035 1004 1112 πρός
1037 1033 1140 1097 τοῖς
1165 1033 1364 1106 πύλας,
1409 1033 1612 1096 ταύτας
1637 1034 1698 1093 δὲ
1723 1032 1870 1093 οἶνοί-

270 1122 461 1191 ξαντες
500 1121 629 1185 τούς
673 1122 851 1186 ἱκέτας
894 1120 1177 1199 ἐφόνευον·
1235 1121 1354 1180 ἐπεὶ
1395 1121 1459 1182 δέ
1512 1128 1626 1197 σφι
1665 1120 1870 1185 πάντες

269 1210 669 1288 κατέστρωντο,
697 1210 763 1270 τό
798 1209 917 1287 ἱρόν
944 1209 1298 1286 συλήσαντες
1335 1210 1649 1286 ἐνέπρησαν
1675 1213 1870 1269 πᾶσαν

268 1294 375 1372 τήν
400 1296 721 1375 ἀκρόπολιν.

352 1385 514 1463 Σχών
540 1386 600 1445 δὲ
625 1385 939 1449 παντελέως
963 1384 1063 1447 τοὶς
1088 1383 1328 1459 Ἀθήνας
1363 1383 1590 1461 Ξέρξης,
1619 1384 1866 1461 ἀπέπεμ-
1885 1386 1966 1444 54

270 1480 343 1549 ψε
370 1478 424 1535 ἐς
452 1474 647 1536 Σοῦσα
676 1471 921 1553 ἄγγελον
950 1472 1122 1533 ἱππέα
1158 1470 1491 1549 Ἀρταβάνῳ
1527 1470 1872 1553 ἀγγελέοντα

268 1559 373 1635 τὴν
398 1558 717 1637 παρεοῦσάν
743 1565 857 1635 σφι
884 1559 1201 1636 εὐπρηξίην.
1283 1558 1396 1619 άπό
1423 1559 1482 1618 δὲ
1506 1563 1608 1635 τῆς
1631 1560 1876 1641 πέμψιος

269 1652 369 1707 τοῦ
412 1646 644 1723 κήρυκος
684 1648 909 1725 δευτέρῃ
946 1646 1128 1725 ἡμέρῃ
1169 1648 1530 1728 συγκαλέσας
1567 1646 1879 1724 Ἀθηναίων

270 1734 401 1798 τούς
440 1734 709 1815 φυγάδας,
749 1737 927 1812 ἑωυτῷ
964 1734 1025 1793 δὲ
1072 1736 1389 1811 ἑπομένως,
1431 1736 1650 1794 ἐκέλευε
1685 1736 1873 1814 τρόπῳ

269 1826 347 1901 τῷ
384 1816 643 1901 σφετέρῳ
685 1824 855 1883 θῦσαι
892 1822 963 1881 τοὶ
1004 1822 1098 1899 ἱροὶ
1134 1822 1453 1899 ἀναβάντας
1488 1828 1544 1886 ἐς
1572 1823 1677 1899 τήν
1711 1822 1874 1901 ἀκρό-

270 1915 460 1971 πολιν·
503 1910 611 1970 εἴτε
637 1910 705 1985 δή
728 1908 801 1969 ὧν
828 1907 958 1987 ὄψιν
982 1909 1108 1969 τινὰ
1135 1908 1260 1971 ἶδῶν
1279 1910 1536 1971 ἐνυπνίου
1553 1910 1873 1970 ἐνετέλλετο

270 2003 461 2069 ταῦτα,
499 2000 605 2057 εἴτε
642 1998 735 2057 καὶ
772 1997 1029 2074 ἐνθύμιόν
1062 2000 1118 2058 οἱ
1155 1998 1371 2078 ἐγένετο
1408 1998 1779 2076 ἐμπρήσαντα
1800 1999 1870 2059 τὸ

274 2087 410 2163 ἱρόν·
454 2090 509 2147 οἱ
540 2088 598 2145 δὲ
630 2086 875 2165 φυγάδες
909 2088 1021 2145 τῶν
1046 2084 1354 2161 Ἀθηναίων
1387 2087 1665 2161 ἐποίησαν
1690 2086 1762 2147 τοὶ
1790 2092 1872 2147 ἐν·

270 2175 601 2249 τεταλμένα.
684 2178 797 2233 Τοῦ
851 2172 911 2232 δὲ
966 2174 1166 2234 εἵνεκεν
1231 2172 1441 2233 τούτων
1499 2174 1871 2249 ἐπεμνήσθην,
1889 2178 1968 2233 55

273 2260 496 2337 φράσω·
546 2262 667 2320 ἔστι
708 2266 766 2320 ἐν
804 2265 877 2339 τῇ
918 2259 1196 2337 ἀκροπόλι
1228 2260 1404 2339 ταύτῃ
1439 2260 1736 2338 Ἐρεχθέος
1773 2264 1877 2319 τοῦ

271 2348 535 2429 γηγενέος
569 2348 878 2428 λεγομένου
919 2348 1058 2408 εἶναι
1096 2348 1240 2424 νηός,
1279 2353 1337 2407 ἐν
1372 2352 1454 2426 ’τῷ
1483 2348 1647 2422 ἐλαίη
1681 2372 1744 2406 τε
1785 2349 1876 2405 καὶ

274 2436 548 2495 θάλασσα
574 2434 671 2493 ἔνι·
712 2435 783 2495 τσῖ
808 2434 981 2514 λόγος
1005 2436 1160 2513 παραὶ
1183 2436 1491 2511 Ἀθηναίων
1519 2434 1884 2517 Ποσειδέωνά,

271 2548 335 2581 τε
362 2522 454 2581 καὶ
478 2521 779 2598 Ἀθηναίην
810 2523 1104 2599 ἐρίσαντας
1119 2523 1252 2599 περὶ
1267 2528 1368 2597 τῆς
1393 2521 1578 2601 χώρης
1601 2521 1878 2597 μαρτύρια

275 2610 495 2670 θέσθαι·
562 2609 767 2686 ταύτην
809 2610 882 2670 ὧν
920 2610 1023 2687 τήν
1062 2612 1258 2686 ἐλαίην
1299 2610 1420 2687 ἅμα
1456 2614 1536 2688 τῷ
1573 2608 1734 2689 ἄλλῳ
1777 2612 1876 2688 ἱρῷ

275 2699 557 2773 κατέλαβε
584 2700 975 2775 ἐμπρησθῆναι
998 2698 1110 2759 ὗπὸ
1134 2702 1244 2758 τῶν
1277 2696 1611 2775 βαρβάρων·
1653 2698 1878 2776 δευτέρῃ

275 2785 334 2843 δὲ
372 2785 551 2864 ἡμέρῃ
592 2786 707 2845 ἀπὸ
746 2790 847 2861 τῆς
899 2784 1226 2863 ἐμπρήσιος,
1271 2783 1580 2860 Ἀθηναίων
1625 2789 1680 2844 οἱ
1727 2784 1880 2845 θύειν

272 2872 383 2931 ὕπὸ
418 2873 698 2949 βασιλέος
735 2872 1087 2949 κελευόμενοι
1127 2872 1197 2935 ὥς
1233 2871 1526 2948 ἀνέβησαν
1553 2878 1607 2935 ἐς
1631 2872 1700 2932 τὰ
1739 2872 1876 2947 ἶρόν,

277 2959 426 3035 ὥρων
455 2960 721 3035 βλαστὸν
762 2966 821 3019 ἐκ
858 2964 959 3021 τοῦ
994 2960 1295 3038 στελέχεος
1331 2959 1468 3019 ὅσον
1503 2984 1565 3018 τε
1599 2961 1880 3035 πηχυαῖον

192 3064 204 3071 ·
276 3046 778 3126 ἀναδεδραμηκότα.
864 3045 1018 3107 οὑτοι
1042 3048 1147 3121 μέν
1173 3072 1270 3107 νυν
1294 3051 1468 3106 ταῦτα
1497 3048 1772 3122 ἔφρασαν.

360 3139 434 3194 Οἱ
474 3137 533 3195 δὲ
575 3143 632 3196 ἐν
675 3137 954 3210 Σαλαμῖνι
973 3116 1322 3205 Ἕλληνες,
1311 3134 1382 3197 ὥς
1419 3139 1530 3209 σφι
1564 3131 1878 3213 ἐξαγγέλθη
1894 3130 1970 3187 56

282 3246 353 3283 ως
378 3222 514 3301 ἔσχε
532 3248 605 3283 τα
631 3221 759 3297 περὶ
784 3220 887 3295 τὴν
912 3218 1218 3295 Ἀθηναιων
1245 3220 1626 3296 ἀκρόπολιν,’
1601 3245 1656 3281 ες
1680 3222 1882 3277 τοσοῦ-

2083 3363 2086 3366 ,
2121 3294 2190 3367 Δ
