2192 3409
298 107 358 157 27
366 108 395 153 2
630 104 641 117 ’
905 106 917 123 '
928 104 973 151 H
981 102 1272 152 ΡΟΔΟΤΟΤ
1701 98 1894 165 [VIII.

304 182 621 259 θαλάσσης·
650 183 827 242 αἴτιον
846 181 907 241 δὲ
924 184 1093 241 τοῦτο
1120 182 1392 261 λέγοντες,
1419 178 1480 239 εὖ
1503 180 1693 261 λέγειν
1712 182 1902 262 ἔμοιγε

304 273 579 331 δοκέουσι.
639 270 771 334 τούς
790 271 851 331 δὲ
868 270 1321 351 περιγενομένους
1347 267 1531 348 οἷπῆγε
1548 266 1903 345 Ἀρτάβαζος

304 365 361 423 ἐς
384 362 712 434 Θεσσαλίην
744 362 897 437 παρὰ
934 357 1272 434 Μαρδόνιον.
1355 354 1510 415 οὗτοι
1540 358 1644 433 μὲν
1679 360 1734 417 οἱ
1766 384 1902 435 προ-

304 449 624 525 πέμψαντες
647 447 901 524 βασιλέα
930 445 1071 505 οὕτω
1099 446 1358 522 ἔπρηξαν.

214 538 329 595 130
426 536 494 593 ‘O
522 536 581 593 δὲ
606 535 859 597 ναυτικὸς
879 533 910 593 ὁ
928 534 1148 610 Ξέρξεω
1171 530 1608 615 περιγενόμενος,
1631 532 1702 595 οἷς
1727 558 1906 609 προσ-

307 622 461 698 έμιξε
492 626 564 700 τῇ
598 621 766 700 Ἀσίῃ
802 621 1023 703 φἐύγων
1060 627 1122 680 ἐκ
1154 623 1488 697 Σαλαμῖνος,
1525 621 1620 679 καὶ
1651 622 1906 697 βασιλέα

304 734 367 769 τε
393 710 484 768 καὶ
508 709 612 785 τὴν
638 709 911 786 στρατιὴν
936 714 997 767 ἐκ
1026 708 1396 791 Χερσονήσου
1421 708 1826 784 διεπόρθμευσε
1851 712 1908 771 ἐς

295 796 564 873 Ἄβυδον,
588 798 889 877 ἐχειμέριζε
916 801 973 857 ἐν
995 796 1185 876 Κύμῃ·
1212 798 1372 873 ἔαρος
1389 796 1448 855 δέ
1470 795 1906 873 ἐπιλάμψαντος,

307 885 512 962 πρῶἴος
552 886 884 966 συνελέγετο
926 890 981 947 ἐς
1024 885 1236 961 Σάμον·
1285 887 1344 943 αἱ
1384 884 1443 943 δὲ
1481 888 1592 944 τῶν
1631 888 1776 959 νηῶν
1815 884 1910 941 καὶ

310 975 662 1052 ἐχειμέρισαν
724 974 913 1033 αὐτοῦ·
994 974 1264 1049 Περσέων
1317 971 1377 1031 δὲ
1437 972 1529 1030 καὶ
1593 970 1802 1045 Μήδων
1853 976 1908 1031 οἶ

309 1066 543 1125 πλεῦνες
596 1060 955 1137 ἐπεβάτευον·
1004 1062 1313 1141 στρατηγοὶ
1365 1060 1430 1119 δέ
1465 1066 1592 1143 σφι
1644 1060 1908 1135 ἐπῆλθον,

311 1149 645 1228 Μαρδόντης
680 1174 743 1209 τε
783 1148 815 1208 ὁ
856 1150 1108 1231 Βαγαίου
1148 1150 1240 1207 καὶ
1264 1146 1603 1226 Ἀρταυντης
1643 1146 1675 1207 ὅ
1713 1146 1912 1223 Ἀρτα-

312 1240 494 1317 χαίου·
544 1242 792 1317 συνῆρχε
832 1236 893 1295 δὲ
930 1261 1184 1297 τουτοισι
1224 1236 1316 1295 καὶ
1355 1234 1698 1310 αδελφιδέος,
1742 1262 1912 1295 αυτου

310 1325 689 1404 Ἀρταΰντεω
731 1326 1169 1403 προσελομένου,
1251 1322 1582 1400 Ἰθαμίτρης.
1689 1348 1788 1382 ατε
1854 1325 1915 1384 δέ

317 1415 577 1496 μεγάλως
610 1410 1027 1495 πληγέντες,ου
1066 1411 1349 1489 προήῖσαν
1389 1410 1636 1488 ἀνωτέρω
1675 1412 1742 1471 τό
1773 1412 1916 1489 πρὸς

315 1503 569 1579 ἑσπέρης,
610 1501 722 1563 ουδ’
761 1500 1105 1581 ἐπηνάγκαζε
1134 1500 1330 1561 οὐδείς·
1371 1498 1504 1557 αλλ’
1539 1504 1600 1558 ἐν
1635 1504 1706 1577 τῇ
1745 1498 1916 1579 Σάμῳ

318 1590 632 1666 κατήμενοι,
662 1590 999 1667 ἐφύλασσον
1022 1588 1130 1664 τὴν
1157 1586 1368 1662 Ἰωνίην
1392 1586 1745 1663 μήἅποστῇ,
1781 1592 1918 1662 νῆας

318 1677 535 1755 ἔχοντες
580 1677 689 1737 σῦν
734 1682 870 1755 τῇσι
913 1676 1063 1736 Ἰάσι
1103 1674 1443 1753 τριηκοσίας.
1525 1674 1592 1734 οὗ
1629 1674 1750 1751 μὴν
1793 1674 1918 1734 οὐδὲ

318 1764 725 1841 προσεδέκοντο
782 1764 915 1828 τούς
968 1764 1258 1840 Ἓλληνας
1317 1761 1654 1823 ἐλεύσεσθαι
1711 1770 1766 1825 ἐς
1815 1762 1919 1839 τήν

316 1851 544 1929 Ἰωνίην,
562 1850 691 1911 ἀλλ’
713 1852 1063 1931 ἀποχρήσειν
1082 1858 1195 1928 σφι
1221 1852 1325 1927 τὴν
1347 1856 1559 1911 ἑωυτῶν
1578 1852 1916 1927 φυλάσσειν·

320 1939 730 2016 σταθμεύμενοι
782 1940 869 1999 ὅτι
909 1941 1095 2015 σφέας
1135 1938 1236 1999 οὔκ
1277 1939 1574 2008 ἐπεδίωξαν
1614 1938 1921 2018 φεύγοντας

322 2032 383 2087 ἐκ
432 2029 763 2103 Σαλαμῖνος,
808 2026 939 2085 ἀλλ’
980 2026 1217 2105 ἅσμενοι
1253 2025 1722 2087 ἀπαλλάσσοντο·
1779 2027 1921 2085 κατοὶ

318 2116 423 2192 μέν
468 2140 566 2175 νυν
602 2114 709 2191 τήν
748 2113 1052 2174 θάλασσαν
1092 2116 1406 2192 ἑσσωμένοι
1443 2114 1596 2190 ἦσαν
1633 2118 1710 2193 τῷ
1749 2114 1920 2193 θυμῷ,

321 2204 463 2281 πεζῇ
502 2202 563 2261 δὲ
602 2202 821 2276 ἐδόκεον
858 2202 1081 2263 πολλὸν
1117 2201 1418 2279 κρατήσειν
1451 2202 1552 2263 τόν
1583 2201 1920 2279 Μαρδόνιον·

322 2290 505 2355 ἐόντες
530 2291 589 2351 δὲ
616 2296 675 2350 ἐν
701 2290 885 2371 Σάμῳ,
915 2289 1032 2366 ἅμα
1057 2293 1162 2367 μὲν
1188 2291 1558 2367 ἐβουλεύοντο
1587 2291 1639 2350 ἐἴ
1659 2314 1716 2350 τι
1743 2289 1921 2349 δυναί-

326 2404 430 2439 ατο
499 2378 669 2439 κακὸν
734 2376 865 2441 τούς
912 2380 1219 2454 πολεμίους
1273 2379 1496 2447 ποιέειν,
1551 2377 1668 2455 ἅμα
1721 2378 1782 2437 δὲ
1834 2378 1924 2435 καὶ

324 2464 707 2526 ὠτακούστεον
732 2465 837 2545 ὅκῃ
862 2464 1126 2525 πεσέεται
1150 2464 1223 2525 ra*
1251 2466 1572 2542 Μαρδονίου
1599 2465 1921 2545 πρήγματα.

232 2554 342 2612 131
444 2554 587 2617 Τοῦς
612 2554 672 2612 δὲ
686 2552 975 2628 Ἕλληνας
998 2552 1065 2612 τό
1089 2578 1152 2612 τε
1181 2553 1275 2629 ἔαρ
1299 2552 1592 2633 γινόμενον
1617 2552 1805 2633 ἤγειρε
1833 2554 1926 2611 καὶ

324 2640 642 2718 Μαρδόνιος
676 2646 735 2699 ἐν
766 2641 1065 2719 Θεσσαλίῃ
1092 2641 1214 2700 ἐών.
1303 2640 1334 2699 ὅ
1365 2642 1470 2718 μὲν
1499 2640 1568 2716 δὴ
1594 2639 1759 2711 πεζὸς
1785 2640 1928 2698 οὔκω

326 2726 678 2807 συνελέγετο·
720 2726 753 2786 ὁ
789 2727 850 2786 δὲ
884 2726 1139 2791 ναυτικός
1170 2727 1400 2787 α’πίκετο
1433 2732 1488 2791 ἐς
1523 2729 1772 2808 Αἴγιναν,
1801 2731 1928 2803 νῆες

326 2812 564 2889 αριθμόν
589 2813 721 2871 δέκα
745 2814 839 2872 καὶ
868 2814 1081 2873 ἑκατόν·
1111 2839 1428 2895 στρατηγος
1453 2814 1513 2873 δε
1540 2815 1634 2873 καὶ
1651 2813 1929 2893 ναύαρχος

324 2896 397 2973 ἦν
448 2900 787 2976 Λευτυχίδης
840 2901 873 2961 ὁ
928 2901 1229 2978 Μενάρεος,
1282 2904 1384 2960 τοῦ
1435 2901 1777 2981 Ἡγησίλεω,
1826 2906 1930 2961 τοῦ

323 2983 768 3061 Ἱπποκρατίδεω,
804 2991 906 3045 τοῦ
942 2989 1304 3066 Λευτυχίδεω,
1335 2992 1438 3048 τοῦ
1467 2987 1787 3058 Ἀναξίλεω,
1828 2992 1930 3047 τοῦ

324 3068 683 3146 Ἀρχιδήμου,
709 3076 811 3131 τοῦ
836 3072 1283 3150 Ἀναξανδρίδεω,
1309 3080 1412 3136 τοῦ
1443 3075 1800 3152 Θεοπόμπου,
1826 3082 1932 3135 τοῦ

326 3154 657 3231 Νικανδρου,
684 3161 785 3216 τοῦ
822 3159 1138 3235 Χαρίλλου,
1167 3166 1266 3221 τοῦ
1299 3162 1573 3237 Ευνόμου,
1599 3166 1701 3221 τοῦ
1737 3166 1929 3221 Πολυ-

328 3238 559 3309 δέκτεος,
586 3246 687 3300 τοῦ
722 3244 1048 3320 Πρυτάνιος,
1086 3252 1188 3307 τοῦ
1225 3247 1612 3325 Εὐρυφῶντος,
1645 3252 1749 3309 τοῦ
1775 3256 1934 3327 Προ-
