2192 3409
311 118 528 185 41—45]
915 118 1321 170 ΤΕΡΨῙΧΟΡΗ.
1853 121 1915 169 19

231 200 245 207 ’
310 200 488 258 Λαιου
521 201 798 277 χρησμῶν
822 182 1173 275 Ηρακληιην
1206 197 1311 272 τὴν
1348 202 1407 257 ἐν
1438 198 1671 278 Σικελίῃ
1698 199 1913 270 κτίζειν,

311 286 428 362 φοῖς
457 286 562 362 τήν
587 284 828 363 Ἔρυκος
866 284 1054 364 χώρην
1083 289 1281 345 πᾶσαν
1318 285 1457 345 εἶναι
1480 284 1913 362 Ἡρακληῖδέων,

309 374 478 434 αὐτοῦ
503 374 815 452 Ἡρακλέος
849 373 1221 450 κτησαμένου.
1304 370 1338 433 ὅ
1374 372 1500 432 δὲ’
1465 372 1711 437 ακούσας
1734 378 1911 434 ταῦτα

311 465 365 524 ἐς
412 462 680 538 Δελφοῦς
723 463 909 541 οἴχετο
961 460 1314 540 χρησόμενος
1359 464 1436 540 τῷ
1476 462 1815 541 χρηστηρίῳ,
1865 466 1913 521 εἷ
1952 515 1959 521 .

308 550 478 627 αἱρέει
510 549 592 609 ἐπ’
623 548 693 626 ἣν
726 550 1032 609 στέλλεται
1059 548 1271 627 χῶρην;
1321 548 1359 625 ἢ
1401 549 1461 609 δὲ
1494 550 1683 625 Πυθίη
1716 552 1770 608 οῖ
1799 552 1915 629 χρᾷ

310 638 583 715 αἱρήσειν·
625 637 978 716 παραλαβών
1014 637 1073 696 δὲ
1104 636 1136 697 ὁ
1170 638 1415 715 Δωριεῦς
1446 637 1547 698 τόν
1575 638 1789 698 στόλον
1813 638 1913 698 τὸν

308 726 402 785 καὶ
449 731 504 789 ἐς
551 724 775 803 Λιβύην
819 724 940 807 ἦγε,
987 725 1270 803 ἐκομίζετο
1310 724 1463 802 παριῗ
1503 724 1607 801 τὴν
1644 723 1909 801 Ἰταλίην.

307 813 420 873 Τὁν
445 813 650 893 χρόνον
675 814 736 873 δὲ
760 818 975 883 τοῦτον,
1003 812 1074 875 ὥς
1102 814 1339 894 λέγουσι
1366 815 1696 890 Συβαρῖται,
1725 814 1910 888 σφέας
1924 815 2003 872 44

304 926 368 960 τε
395 902 594 967 αὖτούς
632 903 724 961 καὶ
759 906 950 979 Τῆλυν
981 900 1083 962 τᾶν
1119 904 1330 961 ἑωυτῶν
1360 902 1615 976 βασιλέα
1638 901 1732 959 ἐπὶ
1761 900 1907 978 Κρό-

303 1014 450 1049 τωνα
488 991 722 1068 μέλλειν
761 988 1189 1070 στρατεύεσθαι·
1247 987 1379 1053 τούς
1418 988 1477 1047 δὲ
1518 987 1906 1065 Κροτωνιήτας

304 1077 588 1154 περιδεέας
610 1079 956 1159 γενομένους,
983 1077 1247 1153 δεηθῆναι
1273 1077 1515 1155 Δωριέος
1541 1078 1717 1152 σφίσι
1741 1102 1905 1153 τιμω-

303 1168 480 1241 ρῆσαι
515 1166 608 1224 καὶ
641 1168 830 1243 τυχεῖν
866 1164 1175 1239 δεήθεντας.
1218 1163 1707 1241 συστρατεύεσθαί
1737 1189 1799 1223 τε
1836 1163 1903 1239 δή

306 1252 396 1310 ἐπὶ
415 1252 668 1330 Σύβαριν
684 1252 902 1329 Δωριέα
923 1252 1014 1311 καὶ
1035 1256 1291 1312 συνελεῖν
1308 1250 1413 1328 τὴν
1434 1250 1703 1328 Σύβαριν.
1730 1254 1905 1310 ταῦτα

301 1340 406 1415 μέν
439 1365 537 1400 νυν
568 1342 882 1418 Συβαρῖται
914 1339 1151 1421 λέγουσι
1181 1344 1420 1415 ποιῆσαι
1456 1339 1674 1417 Δωριέα
1712 1365 1774 1398 τε
1812 1340 1903 1397 καὶ

301 1427 430 1491 τούς
451 1428 572 1504 μετ’
598 1427 786 1487 αὐτοῦ·
844 1432 1229 1504 Κροτωνιῆται
1254 1428 1315 1486 δὲ
1342 1426 1535 1487 οὐδένα
1556 1427 1733 1501 σφίσι
1752 1428 1902 1501 φασὶ

303 1515 481 1583 ξεῖνον
517 1516 1057 1593 προσεπιλαβέσθαι
1086 1520 1189 1576 τοῦ
1220 1515 1363 1594 πρός
1394 1516 1713 1593 Συβαρίτας
1731 1516 1898 1575 πολέ-

301 1626 428 1677 μου,
471 1606 518 1661 εἰ
551 1600 633 1678 μή
668 1602 934 1679 Καλλίην
966 1605 1076 1663 τῶν
1114 1602 1399 1679 Ἰαμιδέων
1435 1602 1635 1680 μάντιν
1670 1602 1902 1661 Ἠλεῖον

301 1692 527 1765 μοῦνον,
558 1690 648 1749 καὶ
673 1694 873 1751 τοῦτον
903 1688 1093 1769 τρόπῳ
1124 1691 1334 1769 τοιῷδε·
1374 1690 1527 1768 παρὰ
1555 1690 1773 1766 Τήλυος
1798 1694 1900 1751 τοῦ

304 1777 658 1856 Συβαριτέων
707 1778 976 1857 τυράννου
1027 1776 1348 1855 ἀποδράντα
1396 1778 1699 1839 ἀπικέσθαι
1749 1778 1903 1857 παραὶ

302 1866 500 1939 σφέας,
557 1867 681 1925 ἐπεί
729 1890 792 1925 τε
843 1867 897 1925 οἱ
948 1864 1021 1925 τὰ
1071 1864 1163 1941 ἶραῖ
1210 1862 1275 1923 οὗ
1314 1864 1629 1943 προεχώρεε
1674 1866 1900 1943 χρηστοὶ

302 1951 548 2032 θυομένῳ
577 1954 669 2013 ἐπὶ
696 1952 987 2032 Κρότωνα.
1068 1956 1246 2011 ταῦτα
1272 1952 1332 2011 δὲ
1358 1950 1432 2011 ὧν
1458 1948 1613 2013 οὗτοι
1645 1953 1897 2033 λέγουσι.

299 2041 596 2118 Μαρτῦρια
635 2041 697 2100 δὲ
731 2040 941 2101 τούτων
988 2038 1236 2117 ἑκάτεροι
1282 2038 1704 2103 ἀποδεικνύουσι
1746 2039 1897 2105 τάδε·
1913 2042 1994 2101 45

300 2130 614 2205 Συβαρῖται
647 2130 752 2205 μὲν
775 2128 1002 2204 τέμενός
1033 2154 1098 2188 τε
1134 2128 1227 2187 καὶ
1252 2128 1387 2203 νηόν
1423 2126 1586 2188 ἐόντα
1620 2128 1775 2206 παρὰ
1798 2128 1899 2190 τόν

299 2216 466 2294 ξηρὸν
495 2215 768 2294 Κράστιν,
787 2214 888 2275 τόν
915 2214 1255 2294 ἱδρύσασθαι
1275 2214 1585 2276 συνελόντα
1604 2214 1709 2291 τήν
1727 2216 1899 2276 πόλιν

299 2304 517 2401 Δωριέα
531 2304 770 2383 λέγουσι
781 2301 1099 2380 Ἀθηναίῃ’
1073 2329 1335 2405 επωνυμῳ
1352 2301 1633 2381 Κραστίῃ·
1653 2305 1822 2363 τοῦτο
1836 2304 1897 2363 δὲ

296 2380 467 2443 αυτοῦ
492 2384 737 2461 Δωριέος
759 2409 860 2444 τον
887 2383 1126 2445 θανατον
1150 2383 1453 2462 μαρτύριον
1478 2383 1751 2462 μέγιστον
1773 2409 1896 2444 ποι·
1962 2446 1965 2449 ⁴

297 2474 497 2541 εὓνται,
525 2470 612 2533 ὅτι
635 2497 790 2549 παρα
813 2498 886 2531 τα
910 2472 1330 2549 μεμαντευμένα
1362 2470 1564 2530 ποιέων
1598 2469 1890 2549 διεφθάρη·

297 2562 344 2617 εἷ
386 2559 498 2640 γάρ
537 2559 604 2636 δὴ
644 2559 728 2637 μή
769 2560 1089 2637 παρέπρηξε
1133 2559 1306 2637 μηδὲν
1353 2556 1437 2618 ἐπ’
1483 2555 1527 2637 ᾧ
1571 2558 1633 2618 δὲ
1678 2558 1895 2636 ἐστάλη

295 2647 491 2717 ε’ποίεε,
521 2646 639 2706 εἷλε
673 2644 744 2707 ἂν
775 2646 882 2724 τήν
909 2645 1200 2724 Ἐρυκίνην
1238 2646 1426 2727 χώρην
1467 2646 1559 2706 καὶ
1595 2646 1737 2708 ἑλῶν
1768 2674 1893 2707 κατ-

297 2732 449 2814 έσχε,
479 2733 592 2793 οὔδ’
620 2732 688 2795 ἂν
714 2733 880 2798 αὖτός
903 2760 966 2795 τε
992 2734 1084 2794 καὶ
1108 2734 1146 2811 ἤ
1172 2734 1409 2812 στρατιή
1441 2733 1736 2812 διεφθάρη.
1766 2738 1820 2795 οἱ
1845 2735 1892 2795 δ’

294 2820 364 2879 αὖ
390 2825 772 2898 Κροτωνιῆται
797 2821 1154 2882 ἀποδεικνῦσι
1191 2821 1425 2900 Καλλίῃ
1457 2824 1563 2899 μὲν
1586 2826 1665 2901 τῷ
1687 2822 1895 2900 Ἠλείῳ

295 2908 548 2985 ἐξαίρετα
575 2914 633 2969 ἐν
657 2912 735 2990 γῇ
758 2914 831 2988 τῇ
861 2908 1273 2987 Κρωτωνιήτιδι
1301 2908 1498 2967 πολλὰ
1522 2909 1771 2978 δοθέντα,
1800 2909 1894 2988 (τᾶ

294 2997 387 3054 καὶ
414 3001 469 3060 ἐς
495 2999 593 3073 ἐμὲ
619 2998 698 3056 ἔτι
719 2997 976 3074 ἐνέμοντο
997 2999 1052 3057 οἱ
1071 2996 1341 3055 Καλλίεω
1358 2994 1673 3075 άπόγονοι,)
1692 2996 1899 3072 Δωριέῖ

293 3082 354 3141 δὲ
374 3083 466 3142 καὶ
485 3087 639 3144 τοῖσι
659 3085 901 3161 Δωριέος
921 3082 1257 3165 ἀπογόνοισι
1277 3080 1454 3143 οὐδέν·
1484 3082 1663 3141 καίτοι
1690 3085 1737 3140 εἰ
1762 3108 1892 3143 συν·

295 3169 610 3248 επελάβετό
649 3198 718 3254 ’γε
762 3176 864 3233 τοῦ
911 3173 1285 3247 Συβαριτικοῦ
1329 3170 1586 3247 πολέμου
1633 3170 1891 3248 Δωριεύς,

294 3256 522 3336 δοθῆναι
535 3260 605 3320 ἅν
621 3262 676 3320 οἱ
693 3256 1111 3319 πολλαπλάσια
1128 3255 1165 3334 ἢ
1183 3256 1431 3335 Καλλίῃ.
1478 3260 1655 3316 ταῦτα
1668 3258 1774 3335 μέν
1792 3281 1891 3319 νυν
