2192 3409
260 80 538 148 '109—111]
876 83 1247 131 ΚΑΛΛῙΟΠΗ.
1763 85 1855 132 333

264 161 322 219 δὲ
373 159 477 236 τήν
526 161 815 238 Ἑλλήνων
855 166 1147 243 γλῶσσαν,
1190 167 1549 221 ΤΕΛΕΙΟΝ·
1602 162 1729 222 τότε
1770 162 1863 220 καὶ

262 247 365 323 τήν
392 249 647 324 κεφαλὴν
683 253 897 326 σμᾶται
927 253 1137 327 μοῦνον
1172 247 1467 327 βασιλεῦς,
1505 250 1599 308 καὶ
1632 251 1863 326 Πέρσας

263 335 536 414 δωρέεται·
578 335 784 413 ταύτην
809 336 878 413 δὴ
905 337 1008 414 τήν
1039 337 1255 416 ἡμέρην
1282 337 1592 413 φυλάξασα
1616 337 1654 411 ἦ
1682 336 1862 414 Ἀμη-

261 448 438 500 στρις,
464 422 658 502 χρῄζει
681 429 785 485 τοῦ
815 425 1031 502 Ξέρξεω
1067 425 1303 501 δοθῆναί
1335 429 1388 485 οἱ
1419 423 1524 502 τὴν
1552 427 1863 486 Μασίστεω

261 515 513 592 γυναῖκα·
556 509 587 570 ὁ
615 511 674 570 δὲ
699 511 878 572 δεινόν
902 539 965 571 τε
993 513 1084 572 καὶ
1112 512 1383 592 ἀνάρσιον
1410 514 1671 587 ἐποιέετο,
1694 519 1862 573 τοῦτο

204 605 210 614 ’
262 600 366 676 μὲν
411 598 692 674 ἀδελφεοῦ
733 604 968 682 γυναῖκα
1001 601 1357 677 παραδοῦναι,
1401 606 1571 662 τοῦτο
1614 603 1673 662 δὲ
1714 601 1861 661 α’ναι-

261 687 386 762 τίην
433 691 638 749 εὀῦσαν
688 693 788 748 τοῦ
841 689 1171 770 πρήγματος
1212 690 1431 750 τούτου·
1500 694 1707 767 συνῆκε
1752 690 1863 772 γάρ

259 778 363 834 τοῦ
389 775 588 836 εἵνεκεν
623 776 822 839 ἐδέετο.
905 778 1082 841 Τέλος
1114 779 1322 854 μέντοι,
1351 779 1531 853 κείνης
1561 802 1624 837 τε
1659 783 1821 838 λιπα-
1842 781 1955 854 111

261 863 500 939 ρεούσης
525 864 618 922 καὶ
642 864 754 924 ὗπᾶ
779 868 880 925 τοῦ
913 865 1086 941 νόμου
1129 863 1505 946 ἐξεργόμενος·
1547 864 1633 923 ὅτι
1660 865 1863 944 ἀτυχῆ-

266 976 366 1009 σαι
399 951 499 1010 τόν
537 951 816 1029 χρῄζοντα
857 951 922 1010 οὔ
963 958 1075 1027 σφι
1116 950 1348 1010 δυνατόν
1389 956 1512 1010 ε’στι
1552 953 1865 1027 βασιληίου

265 1037 486 1098 δείπνου
513 1039 904 1115 προκειμένου·
931 1039 1108 1114 κάρτα
1134 1039 1203 1115 δὴ
1231 1038 1405 1098 οἷέκων
1432 1039 1731 1098 κατανεύει·
1774 1040 1865 1098 καὶ

265 1125 545 1202 παραδοῦς
591 1127 768 1186 ποιέει
808 1123 930 1185 ὦδε·
997 1126 1103 1202 τήν
1142 1129 1245 1202 μὲν
1294 1127 1503 1186 κελεύει
1548 1128 1755 1186 ποιέειν
1794 1127 1865 1186 τοὶ

265 1212 554 1288 βούλεται,
583 1213 614 1274 ὁ
641 1214 700 1272 δὲ
734 1213 1241 1292 μεταπεμψάμενος
1274 1213 1373 1274 τὸν
1408 1212 1687 1290 ἀδελφεὸν
1710 1215 1867 1296 λέγει

265 1300 414 1360 τάδε·
457 1311 492 1336 “
510 1302 806 1370 Μασίστα,
829 1301 906 1361 σύ
949 1301 1026 1364 εἶς
1057 1302 1299 1378 Δαρείου
1328 1327 1391 1361 τε
1426 1305 1573 1381 παῖς,
1610 1303 1701 1360 καὶ
1734 1303 1867 1379 ε’μὸς

267 1387 560 1466 ἀδελφεός·
602 1388 742 1467 πρός
769 1389 814 1448 δῗ
845 1392 923 1450 ἔτι
949 1388 1218 1458 τούτοισι,
1248 1389 1341 1446 καὶ
1366 1388 1442 1452 εἷς
1466 1388 1607 1466 ἀνὴρ
1632 1388 1863 1470 ἀγαθός·

265 1477 480 1555 ’γυναικὶ
529 1476 597 1552 δὴ
639 1477 812 1555 ταύτῃ
857 1481 930 1555 τῇ
969 1481 1068 1536 νῦν
1110 1477 1425 1547 συνοικέεις,
1473 1475 1553 1553 μή
1596 1478 1865 1537 συνοίκεε·

267 1563 422 1624 ἄλλά
447 1591 536 1624 τοι
561 1563 676 1624 ἀντ’
703 1563 873 1640 αὐτῆς
900 1564 1008 1646 ε’γῶ
1043 1564 1239 1642 δίδωμι
1266 1565 1542 1646 θυγατέρα
1578 1564 1683 1639 τήν
1708 1564 1867 1641 ε’μήν·

265 1651 438 1730 ταύτῃ
465 1653 732 1725 συνοίκεε,
761 1651 866 1728 τήν
893 1653 952 1712 δὲ
977 1656 1075 1712 νῦν
1102 1654 1260 1732 ἔχεις,
1288 1651 1353 1712 οὐ
1383 1653 1493 1732 γσῖρ
1520 1653 1697 1712 δοκέει
1724 1653 1866 1730 ἐμοὶ,

265 1741 347 1816 μή
391 1741 484 1819 ἔχε
524 1739 808 1822 γυναῖκα·”
848 1739 881 1800 ὁ
923 1741 983 1800 δὲ
1027 1742 1335 1817 Μασίστης
1377 1740 1757 1819 ἀποθωμάσας
1796 1740 1869 1800 τοὶ

267 1826 560 1908 λεγόμενα,
588 1829 745 1909 λέγει
769 1828 920 1888 τάδε·
963 1837 999 1864 “
1018 1857 1059 1888 ω
1099 1829 1364 1900 δέσποτα,
1392 1831 1515 1890 τίνα
1554 1855 1653 1906 μοι
1672 1829 1870 1938 ’.λόγον

267 1915 452 1996 λέγεις
492 1915 794 1994 ἄχρηστον,
841 1916 1079 1977 κελεύων
1120 1942 1195 1992 με
1236 1921 1487 1998 γυναῖκα,
1527 1923 1587 1977 ἐκ
1626 1921 1728 1995 τῆς
1772 1943 1873 1995 μοι

267 2003 460 2066 παῦες
501 2005 707 2080 νεηνίαι
748 2006 814 2065 τέ
852 2009 964 2066 εἶσι
1009 2031 1103 2063 και
1150 2005 1461 2082 θυγατέρες,
1504 2029 1615 2066 των
1656 2007 1747 2066 καὶ
1793 2005 1868 2066 σύ

267 2091 401 2166 μίαν
426 2096 502 2171 τῷ
527 2093 683 2151 παιδὶ
712 2097 790 2171 τῷ
822 2097 1070 2153 σεωυτοῦ
1104 2091 1315 2173 ἠγάγεο
1350 2098 1601 2174 γυναῖκα,
1630 2094 1770 2169 αὐτή
1802 2094 1868 2152 τέ

268 2203 366 2254 μοι
415 2178 554 2238 κατὰ
601 2179 729 2238 νόον
774 2178 1038 2259 τυγχάνει
1084 2177 1263 2255 κάρτα
1310 2185 1498 2250 ἐοῦσα,
1542 2180 1748 2256 ταύτην
1793 2205 1867 2255 με

271 2265 510 2326 κελεύεις
535 2267 784 2340 μετέντα,
813 2265 1090 2345 θυγατέρα
1117 2265 1221 2340 τὴν
1247 2266 1358 2340 σὴν
1392 2271 1605 2348 γῆμαι;
1650 2268 1757 2346 ε’γώ
1792 2269 1867 2335 δὲ,

269 2355 536 2428 βασιλεῦ,
581 2353 732 2432 μέγα
775 2353 879 2428 μὲν
921 2355 1185 2429 ποιεῦμαι
1238 2351 1552 2430 ἀξιεύμενος
1600 2354 1873 2434 θυγατρός

270 2444 370 2516 τῆς
415 2444 538 2515 σῆς,
583 2438 805 2516 ποιήσω
851 2441 1045 2517 μέντοι
1088 2439 1299 2499 τούτων
1344 2439 1621 2518 οὐδέτερα·
1690 2441 1765 2500 σὺ
1812 2442 1873 2500 δὲ

269 2529 536 2605 μηδαμῶς
560 2529 678 2603 βιῶ
698 2527 1030 2636 πρήγματος
1055 2527 1272 2596 τοιοῦδε
1302 2527 1577 2605 δεόμενος·
1620 2527 1775 2587 ἀλλὰ
1799 2534 1871 2608 τῇ

269 2642 330 2676 τε
371 2621 451 2696 σῇ
498 2616 731 2697 θυγατρὶ
773 2615 914 2693 ἀνήρ
955 2615 1137 2679 ἄλλος
1180 2615 1495 2692 φανήσεται
1540 2619 1671 2693 ε’μεῦ
1714 2616 1873 2676 συδὲν

271 2705 483 2781 ἥσσων,
529 2705 630 2783 ε’μέ
670 2731 732 2765 τε
780 2704 842 2764 ἔα
889 2704 1109 2786 γυναικὶ
1142 2707 1215 2782 τῇ
1255 2708 1362 2783 ε’μῇ
1406 2703 1759 2766 συνοικέεινῗ
1838 2733 1871 2764 ο

270 2797 374 2871 μὲν
419 2793 487 2870 δὴ
533 2792 840 2854 τοιούτοισι
881 2791 1197 2870 ἀμείβεται·
1251 2793 1463 2869 Ξέρξης
1505 2792 1564 2852 δὲ
1606 2794 1873 2872 θυμωθεὶς

273 2883 427 2963 λέγει
467 2883 617 2941 τάδε·
662 2892 696 2917 “
715 2880 856 2941 οὕτω
896 2907 1000 2951 τοι,
1046 2882 1345 2951 Μασίστα,
1372 2883 1703 2960 πέπρηκται·
1747 2881 1873 2942 οὔτε

272 2969 381 3051 γάρ
431 2968 499 3030 ἄν
545 2995 633 3030 τοι
679 2969 822 3049 δῴην
870 2970 1147 3051 θυγατέρα
1185 2969 1291 3046 τήν
1332 2969 1470 3047 ἐμὴν
1507 2974 1701 3052 γῆμαι,
1746 2970 1872 3033 οὔτε

275 3059 451 3137 ἐκείνῃ
487 3062 704 3120 πλεῦνα
739 3057 942 3136 χρόνον
973 3057 1347 3134 συνοικήσεις·
1388 3058 1458 3122 ὥς
1493 3060 1675 3141 μάθῃς
1698 3060 1769 3120 τοὶ
1796 3061 1871 3121 δι-

275 3145 478 3223 δόμενα
530 3145 839 3207 δέκεσθαιΫ
922 3145 953 3206 ὁ
1001 3147 1061 3206 δὲ
1108 3146 1177 3210 ὥς
1221 3151 1398 3207 ταῦτα
1442 3147 1666 3222 ἤκουσε,
1716 3149 1873 3210 εἶπας

273 3233 528 3362 τοῧόνδεό
589 3236 787 3315 ἐχώρεε
847 3236 966 3306 ἔξω·
1049 3247 1084 3272 “
1102 3235 1367 3306 δέσποτα,
1424 3235 1489 3295 οὐ
1548 3237 1617 3310 δή
1676 3237 1751 3294 κώ
1802 3261 1873 3300 με

421 3319 493 3362 -2
