2192 3409
311 84 528 151 75--79J
968 87 1089 134 ΟΥΡ
1094 86 1182 133 AN
1188 86 1211 133 Ῑ
1217 86 1274 133 Α.
1818 80 1911 135 2319

312 166 681 242 Κυνόσουραν
694 164 1039 245 τεταγμένοι,
1058 163 1317 243 κατεῖχόν
1333 189 1397 222 τε
1410 162 1579 241 μέχοι
1595 166 1916 243 Μουνυχίης

310 252 496 313 πάντα
534 252 634 313 τᾶν
672 251 931 329 πορθμὸν
968 256 1106 330 τῇσι
1145 252 1328 327 νηυσί·
1406 252 1576 311 τῶνδε
1617 252 1676 310 δὲ
1718 252 1918 311 εἵνεκεν

311 340 520 420 οἷνῆγον
544 340 645 403 τὰς
672 344 821 413 νῆας,
852 340 939 398 ἵνα
966 339 1035 414 δὴ
1060 344 1216 398 τοῖσι
1241 339 1496 414 Ἕλλησι
1521 339 1662 415 μηδὲ
1689 340 1914 419 φυγέειν
1961 368 1973 375 ·

314 428 429 505 ἐξῇ,
478 426 609 486 ἀλλ’
666 426 1134 502 ἀπολαμφθέντες
1187 432 1244 487 ἐν
1297 430 1369 505 τῇ
1417 428 1712 503 Σαλαμῖνι,
1769 428 1916 486 δοῖεν

310 514 465 574 τίσιν
500 518 611 574 τῶν
650 513 734 573 ἐπ’
775 513 1114 593 Ἀρτεμισίῳ
1154 513 1570 595 ἀγωνισμάτων·
1622 520 1676 577 ἐς
1717 516 1776 575 δὲ
1813 514 1918 589 τήν

313 602 517 677 νησίδα
542 600 646 677 τὴν
672 601 1021 660 Ψυττάλειαν
1057 603 1400 678 καλεομένην
1427 600 1784 678 ἀπεβίβαζον
1806 606 1918 661 τῶν

314 690 601 766 Περσέων,
627 690 797 749 τῶνδε
824 689 1043 759 εἵνεκεν,
1071 689 1144 752 ὥς
1173 688 1336 749 ἐπεὰν
1367 690 1594 769 γένηται
1619 690 1914 767 ναυμαχίη,

318 777 553 836 ἐνθαῦτα
604 777 862 854 μάλιστα
914 776 1280 853 ἐξοισομένων
1317 780 1428 835 τῶν
1467 802 1529 835 τε
1574 776 1786 853 ἀνδρῶν
1825 777 1918 835 καὶ

314 868 425 923 τῶν
456 865 746 946 ναυηγίων,
780 865 867 943 (ἐν
899 863 1010 944 γοῖρ
1048 864 1117 939 δὴ
1149 864 1303 943 πόρῳ
1335 868 1436 939 τῆς
1475 865 1783 942 ναυμαχίης
1817 868 1918 940 τῆς

317 952 643 1027 μελλούσης
682 953 915 1012 ἔσεσθαι
958 952 1134 1011 ἔκειτο
1173 952 1210 1027 ἦ
1251 952 1466 1031 νῆσος,)
1515 952 1602 1011 ἵνα
1641 950 1770 1013 τοῦς
1813 954 1920 1027 μὲν

320 1044 667 1113 περιποιῶσι,
710 1038 841 1101 τούς
880 1039 939 1097 δὲ
978 1040 1363 1116 διαφθείρωσι·
1422 1038 1638 1097 ἐποίευν
1677 1038 1738 1097 δὲ
1778 1043 1918 1118 σιγῇ

320 1128 515 1195 ταῦτα,
556 1125 629 1189 ὥς
660 1125 741 1202 μή
781 1128 1150 1186 πυνθανοίατο
1191 1130 1246 1187 οἱ
1282 1126 1528 1185 ἐναντίοι.
1617 1128 1670 1184 οἱ
1712 1129 1814 1195 μὲν
1847 1127 1914 1202 δὴ

319 1216 496 1272 ταῦτα
550 1216 650 1290 τῆς
704 1212 913 1285 νυκτός,
969 1213 1128 1276 οὖδὲν
1181 1214 1663 1290 ἀποκοιμηθέντες,
1707 1240 1918 1290 παραρ-

319 1304 531 1361 τέοντο.

400 1394 733 1468 Χρησμοῖσι
788 1392 847 1450 δὲ
898 1388 999 1450 οὔκ
1053 1389 1160 1468 ἔχω
1200 1388 1510 1470 ἀντιλέγειν
1551 1388 1621 1451 ὥς
1669 1388 1766 1447 οὐκ
1807 1389 1918 1448 εἶσὶ
1935 1390 2010 1451 ’77

322 1474 573 1551 ἀληθέες,
590 1477 655 1536 οὗ
671 1477 1023 1554 βουλόμενος
1042 1477 1309 1557 ἐναργέως
1329 1479 1598 1557 λέγοντας
1617 1477 1920 1554 πειρᾶσθαι

324 1564 722 1638 καταβάλλειν,
756 1570 811 1627 ἐς
834 1565 1021 1624 τοιάδε
1046 1564 1350 1649 πρήγματα
1379 1566 1690 1643 ἐσβλέψας·

448 1671 587 1721 Ἀλλ’
622 1676 741 1721 ὅταν
762 1674 1043 1735 Ἀρτέμιδος
1076 1676 1345 1736 χρυσαόρου
1379 1676 1500 1737 ἱερὸν
1536 1676 1686 1735 ἀκτὴν

456 1746 591 1803 νηυσὶ
624 1748 957 1807 γεφυρώσωσι,
998 1748 1077 1793 καὶ
1113 1746 1320 1805 εἰναλίην
1355 1747 1672 1808 Κυνόσουραν,

455 1816 613 1864 ἐλπίδι
643 1818 899 1878 μαινομένῃ
931 1820 1139 1878 λιπαρὰς
1175 1819 1436 1876 πέρσαντες
1471 1817 1686 1877 Ἀθήνας,

456 1890 535 1935 δῖα
566 1888 688 1947 Δίκη
721 1891 923 1951 σβέσσει
957 1890 1182 1951 κρατερὸν
1217 1889 1388 1950 Κόρον,
1417 1890 1606 1952 Ὕβριος
1643 1892 1750 1948 υἱὸν,

455 1962 603 2009 δεινὸν
630 1964 925 2021 μαιμώοντα,
967 1958 1172 2009 δοκεῦντ’
1206 1961 1296 2009 ἀνὰ
1329 1962 1489 2009 πάντα
1521 1962 1754 2010 τίθεσθαι.

454 2034 635 2092 χαλκὸς
666 2036 765 2096 γὰρ
799 2034 975 2093 χαλκῷ
1006 2033 1302 2092 συμμίξεται,
1347 2034 1512 2091 αἵματι
1546 2034 1586 2083 δ’
1615 2034 1759 2095 Ἄρης

454 2104 627 2152 πόντον
660 2108 873 2166 φοινίξει.
942 2104 1041 2153 τότ’
1077 2106 1324 2166 ἐλεύθερον
1351 2107 1588 2155 Ἑλλάδος
1621 2105 1752 2167 ἦμαρ

455 2178 663 2236 εὐρύοπα
696 2178 929 2238 Κρονίδης
962 2178 1152 2237 ἐπάγει,
1195 2178 1274 2225 καὶ
1311 2178 1484 2225 πότνια
1517 2178 1660 2235 Νίκη.

326 2270 381 2327 ἐς
415 2270 646 2326 τοιαῦτα
678 2269 781 2344 μὲν
822 2268 913 2326 καὶ
954 2266 1098 2327 οὕτω
1137 2268 1402 2348 ἐναργέως
1443 2269 1667 2346 λέγοντι
1707 2268 1919 2342 Βάκιδι,

324 2352 645 2433 α’ντιλογίης
669 2359 941 2434 χρησμῶν
964 2356 1091 2432 πέρι
1124 2354 1248 2415 οὔτε
1281 2354 1448 2418 αὖτός
1482 2355 1668 2435 λέγειν
1701 2357 1923 2432 τολμέω

327 2437 453 2499 οὔτε
480 2440 609 2517 παρ’
636 2441 827 2503 ἄλλων
854 2442 1152 2520 ἐνδέκομαι.

405 2533 527 2588 Τῶν
554 2530 665 2588 δὲ’
640 2557 699 2589 εν
736 2532 1015 2606 Σαλαμῖνι
1054 2557 1384 2611 στρατηγων
1424 2531 1634 2611 ἐγίνετο
1673 2530 1920 2607 ὦθισμός
1942 2533 2018 2591 78

325 2616 510 2697 λόγων
536 2617 771 2681 πολλός·
826 2618 1033 2697 ᾔδεσαν
1064 2620 1126 2679 δὲ
1161 2617 1318 2688 οὔκω,
1341 2618 1434 2689 ὅτι
1461 2618 1647 2694 σφέας
1680 2644 1924 2695 περιεκυ-

326 2705 557 2765 κλέοντο
588 2710 726 2785 τῇσι
762 2709 926 2783 νηυσὶ
962 2710 1017 2767 οἱ
1050 2707 1362 2815 βαρβαρρι·
1419 2704 1568 2775 ἀλλ’,
1603 2706 1791 2784 ὥσπερ
1825 2711 1924 2781 τῆς

325 2791 533 2870 ημέρης
602 2794 753 2873 ὥρων
804 2822 1003 2857 αυτους
1058 2795 1440 2874 τεταγμένους,
1507 2793 1726 2853 ἐδόκεον
1787 2820 1926 2853 κατα

324 2879 511 2957 χώρην
550 2882 704 2942 εἶναι.
787 2882 1214 2958 Συνεστηκότων
1255 2880 1314 2939 δὲ
1347 2884 1457 2939 τῶν
1491 2885 1835 2958 στρατηγῶν,
1867 2882 1927 2947 ἐξ
1942 2883 2016 2941 79

326 2968 555 3045 Αἰγίνης
589 2970 753 3046 διέβη
776 2970 1127 3048 Ἀριστείδης
1153 2968 1186 3027 ὁ
1211 2966 1566 3044 Λυσιμάχου,
1595 2964 1735 3039 ἀνὴρ
1759 2964 1926 3038 Ἀθη·

326 3058 478 3118 ναῖος
516 3059 637 3133 μὲν,
677 3057 1190 3135 ἐξωστρακισμένος
1227 3055 1286 3113 δὲ
1321 3053 1430 3113 find
1461 3058 1561 3111 τοῦ
1589 3052 1786 3128 δήμου·
1827 3051 1928 3109 τὸν

329 3142 437 3218 ’ἐγώ
494 3144 768 3221 νενόμικα,
824 3142 1234 3217 πυνθανόμενος
1299 3141 1468 3200 αὐτοῦ
1534 3138 1632 3199 τὸν
1698 3136 1924 3214 τρόπον,

328 3225 561 3305 ὅριστον
587 3230 759 3307 ἄνδρα
782 3232 1046 3313 γενέσθαι
1072 3234 1132 3285 ἐν
1156 3228 1430 3306 Ἀθήνῃσι
1451 3228 1540 3285 καὶ
1561 3225 1926 3285 δικαιότατον·
2105 3260 2190 3363 Δ
