2192 3409
282 46 379 95 164
895 42 1260 91 ἨΡΟΔΟΤΟΤ
1726 38 1803 105 [V
1803 41 1881 93 ῙῙ.

281 122 508 200 δεύτερα
537 119 746 182 τούτων
769 122 1157 198 παραμείβετο
1181 120 1369 199 τείχεα
1392 117 1465 178 τοῖ
1496 118 1734 196 Πιέρων·
1774 125 1887 181 τῶν

282 213 375 270 καὶ
412 212 489 270 ἐνὶ
521 208 747 289 Φάγρης
789 210 912 269 ἐστὶ
953 208 1181 285 οὕνομα,
1226 208 1317 265 καὶ
1357 208 1521 285 ἑτέρῳ
1561 207 1884 287 Πέργαμος·

279 299 454 376 ταύτῃ
479 301 582 375 μὲν
611 296 678 373 δή
699 296 830 374 παρ’
851 294 992 356 αὐτὰ
1018 295 1089 355 τοῖ
1117 295 1305 375 τείχεα
1331 292 1436 370 τῆν
1464 291 1593 354 ὁδὸν
1622 296 1885 365 ἐποιέετο,

281 392 343 446 ἐκ
391 387 572 463 δεξιῆς
616 384 781 464 χερὸς
820 384 887 465 τῤ
936 382 1233 465 Πάγγαιον
1274 381 1436 459 οὖρος
1476 379 1750 461 ἀπέργων,
1794 382 1886 442 ἐὸν

280 475 429 555 μέγα
460 500 521 533 τε
561 473 653 531 καὶ
683 472 923 551 ὑψηλόν·
967 477 1025 532 ἐν
1055 475 1132 549 τῷ
1167 468 1384 549 χρύσεά
1416 494 1478 528 τε
1516 470 1606 527 καὶ
1642 468 1887 550 ἀργύρεα

282 564 361 620 ἔνι
385 562 660 637 μέταλλα,
688 559 761 618 τοὶ
797 560 1057 636 νέμονται
1088 557 1289 635 Πίερές
1319 582 1381 616 τε
1415 556 1507 627 καὶ
1530 556 1883 632 Ὀδόμαντοι,

191 651 304 708 113
325 649 416 707 καὶ
447 646 703 723 μάλιστα
740 644 969 723 Σάτραι.
1049 644 1502 721 Ὕπεροικέοντας
1534 642 1594 702 δὲ
1628 643 1693 703 τό
1728 643 1885 724 Πάγ·

282 760 444 815 γαιον
475 732 616 811 πρὸς
651 733 836 811 βορέω
873 732 1078 808 ἆνέμου
1114 732 1364 794 Παίονας
1394 730 1666 808 Δόβηράς
1699 757 1761 790 τε
1794 733 1886 789 καὶ

285 820 587 884 Παιόπλας
611 820 902 899 παρεξιών,
930 818 1016 895 ἤϊε
1041 820 1183 897 πρός
1212 819 1472 897 ἑσπέρην·
1516 823 1571 881 ἐς
1597 816 1629 878 ὃ
1655 816 1884 879 ἀπίκετο

287 911 378 969 ε’πὶ
408 908 662 986 ποταμόν
693 934 754 969 τε
788 907 1081 987 Στρυμόνα
1114 907 1206 966 καὶ
1240 905 1410 967 πόλιν
1432 904 1646 978 Ἠϊόνα,
1668 909 1770 981 τῆς
1806 907 1884 966 ἔτι

287 998 423 1069 ζωὸς
455 997 555 1058 ε’ὠν
586 996 726 1075 ἦρχε
757 994 960 1078 Βόγης,
988 999 1087 1055 τοῦ
1118 1020 1222 1071 περ
1251 992 1427 1075 ὀλίγῳ
1458 992 1730 1071 πρότερον
1760 994 1882 1053 τού-

285 1111 393 1145 των
417 1084 593 1165 λόγον
621 1083 934 1161 ἐποιεύμην·
975 1082 1013 1159 ἦ
1040 1084 1101 1141 δὲ
1130 1086 1207 1163 γῆ
1234 1081 1374 1158 αὕτη
1398 1082 1437 1157 ἦ
1468 1080 1596 1157 περὶ
1625 1080 1691 1141 τό
1726 1080 1884 1163 Πάγ-

285 1199 446 1255 γαιον
486 1173 615 1250 ὅρος
656 1171 912 1253 καλέεται
947 1170 1179 1233 Φυλλίς·
1222 1169 1637 1239 κατατείνουσα,
1671 1168 1745 1229 τοὶ
1781 1170 1884 1245 μὲν

286 1262 429 1339 πρός
454 1254 725 1337 ἕσπέρην,
774 1259 863 1319 ἐπὶ
907 1256 1163 1334 ποταμὸν
1203 1256 1471 1339 Ἀγγίτην
1511 1256 1791 1317 ἐκδιδόντα
1831 1261 1886 1321 ἐς
1939 1308 1948 1317 .

288 1350 387 1409 τὸν
412 1348 722 1425 Στρυμόνα·
764 1347 834 1405 τὰ
873 1346 932 1405 δὲ
961 1345 1103 1422 πρός
1126 1346 1508 1423 μεσαμβρίην,
1536 1344 1795 1405 τείνουσα
1830 1348 1885 1408 ἐς

288 1434 456 1497 αύτὸν
489 1436 587 1495 τὸν
621 1434 930 1512 Στρυμόνα,
959 1439 1014 1497 ἐς
1042 1432 1143 1493 τᾶν
1180 1434 1233 1491 οἶ
1269 1431 1464 1513 Μάγοι
1495 1431 1883 1507 ἐκαλλιρέοντο

197 1526 312 1581 114
331 1522 642 1598 σφάζοντες
695 1522 896 1584 ἵππους
947 1520 1195 1584 λευκούς.
1276 1519 1773 1597 Φαρμακεύσαντες
1823 1520 1885 1579 δὲ

288 1613 464 1669 ταῦτα
496 1613 552 1671 ἐς
589 1607 691 1667 τᾶν
730 1608 1001 1684 ποταμόν,
1036 1608 1128 1667 καὶ
1166 1605 1321 1665 ἅλλα
1360 1606 1554 1667 πολλὰ
1582 1606 1725 1685 πρός
1762 1606 1881 1667 τού-

289 1686 456 1765 τοισι,
499 1700 557 1754 ἐν
593 1693 787 1753 Ἐννέα
825 1694 1048 1755 Ὀδοῖσι
1084 1698 1221 1774 τῇσι
1258 1692 1517 1755 Ἠδωνῶν
1558 1694 1884 1772 ἐπορεύοντο

293 1782 434 1842 κατὰ
454 1781 552 1845 τὰς
569 1780 832 1861 γεφύρας,
849 1780 948 1841 τόν
964 1780 1258 1859 Στρυμόνα
1279 1780 1525 1858 εὑρόντες
1546 1782 1883 1862 ἐζευγμένον.

289 1868 484 1929 Ἐννέα
531 1869 591 1927 δὲ
634 1867 834 1933 Ὀδούς
875 1868 1277 1947 πυνθανόμενοι
1319 1868 1419 1928 τόν
1460 1872 1646 1949 χῶρον
1690 1874 1886 1929 τοῦτον

294 1956 613 2029 καλέεσθαι,
641 1954 943 2019 τοσούτους
979 1960 1036 2016 ἐν
1071 1955 1219 2034 αὐτῷ
1241 1954 1443 2019 παῖδάς
1466 1981 1528 2016 τε
1560 1955 1652 2014 καὶ
1684 1957 1885 2034 παρθέ-

294 2070 419 2107 νους
464 2042 676 2121 ἀνδρῶν
714 2048 825 2105 ’τῶν
869 2036 1174 2122 ἐπιχωρίων
1220 2042 1457 2115 ζώοντας
1501 2042 1885 2120 κατώρυσσον.

257 2207 272 2220 .
295 2130 603 2213 (Περσικόν
655 2131 714 2191 δὲ
766 2131 831 2192 τό
885 2131 1123 2203 ζώοντας
1176 2130 1562 2209 κατορύσσειν·
1626 2131 1745 2189 ἐπεὶ
1796 2132 1888 2190 καὶ

283 2218 603 2301 Ἄμηστριν
627 2219 731 2297 τῆν
755 2219 970 2297 Ξέρξεω
995 2222 1231 2299 γυναῖκα
1261 2217 1609 2294 πυνθάνομαι
1638 2217 1889 2299 γηράσα-

293 2334 406 2369 σαν
451 2308 532 2372 δὶς
583 2305 724 2367 ἔπτοὶ
767 2308 1037 2385 Περσέων
1082 2306 1285 2369 παῖδας
1336 2305 1536 2367 ἐόντων
1582 2306 1891 2383 ἐπιφανέων

293 2394 502 2474 ἀνδρῶν
525 2394 664 2472 ὑπὲρ
694 2398 894 2471 ἑωυτῆς
926 2398 1003 2473 τῷ
1027 2393 1140 2453 ὔπό
1167 2397 1276 2474 γῆν
1302 2393 1589 2475 λεγομένῳ
1616 2392 1755 2454 εἶναι
1788 2393 1894 2474 θεῷ

295 2484 748 2563 ἀντιχαρίζεσθαι
775 2480 1288 2561 κατορύσσουσαν.)

203 2573 316 2630 115
423 2570 522 2634 Ὡς
547 2570 607 2630 δὲ
637 2569 751 2630 ‹iva-<3
783 2566 1235 2647 rofi-Erpvpdvos·
1260 2565 1552 2645 ἐπορεύετο
1578 2566 1612 2628 ό
1636 2568 1896 2645 στρατός,

297 2658 532 2718 ἐνθαῦτα
573 2656 713 2734 πρός
737 2654 918 2733 ’ἡλίου
957 2655 1212 2733 δυσμέων
1252 2656 1377 2715 ἐστὶ
1414 2654 1697 2736 αἰγιαλός,
1724 2660 1783 2715 ἐν
1820 2661 1897 2735 τῷ

295 2744 590 2819 οἰκημένην
619 2742 895 2824 Ἀργιλον
934 2742 1105 2803 πόλιν
1142 2742 1397 2811 Ἑλλάδα
1436 2741 1720 2820 παρεξῆϊε·
1758 2744 1897 2820 αὕτη

297 2830 357 2888 δὲ
411 2830 503 2887 καὶ
559 2830 596 2905 ἦ
651 2829 958 2907 κατύπερθε
1011 2828 1215 2904 ταύτης
1278 2829 1539 2890 καλέεται
1593 2833 1896 2906 Βισαλτίη·

299 2917 550 2975 ἐνθεῦτεν
571 2917 645 2985 δὲ,
669 2916 884 2976 κόλπον
903 2914 1002 2976 τᾶν
1022 2917 1114 2974 ἐπὶ
1142 2915 1485 2991 Ποσειδηΐου
1512 2916 1575 2985 ἐξ
1599 2908 1900 2994 ἀριστερῆς

295 3002 460 3080 χερός
487 3002 641 3079 ἔχων,
667 3002 755 3076 ἤϊε
787 3002 878 3061 διὰ
913 3001 1125 3066 Συλέος
1148 3001 1340 3061 πεδίου
1368 3004 1725 3079 καλεομένου,
1756 3004 1897 3069 Στά-

295 3112 482 3166 γειρον
518 3086 687 3146 πόλιν
717 3086 971 3145 Ἑλλάδα
1005 3086 1513 3163 παραμειβόμενος,
1544 3090 1638 3147 καὶ
1670 3090 1900 3152 ἀπίκετο

299 3176 355 3233 ἐς
369 3171 649 3232 Ἀκανθον
666 3171 783 3246 ἅμα
798 3171 1068 3251 ἀγόμενος
1081 3171 1289 3232 τούτων
1306 3173 1544 3233 ἕκαστον
1558 3178 1669 3237 τῶν
1684 3176 1899 3245 ἐθνέων,
