2192 3409
303 113 395 161 174
917 108 1283 159 ἯΡοΔοειῸί·
1744 108 1899 173 [vn.

301 188 509 265 θάρσος
556 215 628 253 ως
670 188 851 249 οὐδὲν
867 188 1217 270 πεισόμενοι
1228 186 1399 266 ἅχαρι
1438 186 1577 286 πρός
1615 191 1716 247 τοῦ
1756 190 1900 266 βαρ-

298 276 612 353 βάρου·οἱ
653 276 712 335 δὲ
752 302 816 335 ου
857 275 1042 339 δόντες
1084 280 1143 335 ἐν
1183 275 1400 352 δείματι
1438 258 1669 356 μεγάλῳ
1705 278 1900 336 κατέσ-

297 390 495 433 τασαν,
525 364 622 425 ἆτε
650 362 776 423 οὔτε
801 368 934 423 νεῶν
963 363 1199 423 ἐουσέων
1227 368 1285 423 ἐν
1310 366 1383 441 τῇ
1402 361 1643 421 Ἑλλάδι
1662 361 1902 440 άριθμὸν

115 470 232 585 χή
299 450 615 529 ἀξιομάχων
656 450 915 509 δέκεσθαι
954 450 1052 511 τὸν
1093 449 1334 520 ἐπιόντα,
1365 449 1492 511 οὔτε
1536 452 1902 527 βουλομένων

297 543 406 599 τῶν
426 541 659 596 πολλῶν
676 537 1056 597 ἀντάπτεσθαι
1073 542 1175 597 τοῦ
1194 538 1465 614 πολέμου,
1482 537 1819 614 μηδιζόντων
1838 539 1901 599 δὲ

207 630 317 687 139
337 624 650 703 προθύμως.
733 623 1008 703 Ἐνθαῦτα
1041 624 1314 706 ἀναγκαίῃ
1348 625 1643 706 ἐξέργομαι
1672 625 1901 705 γνώμην

297 712 679 781 ἀποδέξασθαι
719 713 1022 787 ἐπίφθονον
1061 715 1165 788 μὲν
1205 712 1346 789 πρὸς
1382 714 1491 773 τῶν
1523 712 1773 773 πλεόνων
1806 714 1900 775 άν-

299 798 551 877 θρῶπων·
595 798 741 877 ὅμως
773 800 848 869 δὲ,
884 804 956 879 τῇ
987 801 1057 881 γέ
1085 826 1185 876 μοι
1228 801 1482 876 φαίνεται
1509 800 1647 860 εἶναι
1672 799 1897 876 ἀληθὲς,

297 886 396 949 οὐκ
439 888 751 967 ἐπισχήσω·
810 891 858 946 εἰ
895 887 1183 963 Ἀθηναῖοι
1230 887 1753 965 καταρρωδήσαντες
1800 890 1899 949 τᾶν

297 977 522 1038 ἐπιόντα
563 977 809 1037 κίνδυνον
851 976 1109 1045 ἐξέλιπον
1138 974 1242 1050 τήν
1278 976 1578 1053 σφετέρην,
1612 973 1649 1051 ἢ
1692 975 1783 1035 καὶ
1816 978 1897 1053 μή

299 1065 615 1127 ἐκλιπόντες
663 1064 818 1123 οἷλλά
868 1064 1150 1140 μείναντες
1206 1063 1407 1123 ἔδοσαν
1461 1064 1643 1139 σφέας
1698 1062 1899 1128 αὐτοῦς

295 1154 493 1231 Ξέρξῃ,
539 1152 681 1211 καταῖ
721 1152 824 1227 τὴν
866 1151 1169 1211 θάλασσαν
1212 1150 1445 1227 οὐδαμοὶ
1486 1148 1556 1211 ἂν
1603 1156 1899 1228 ἐπειρῶντο

296 1239 633 1317 οἶντιεύμενοι
668 1240 929 1316 βασιλέῖ·
979 1244 1027 1298 εἰ
1060 1239 1245 1299 τοίνυν
1282 1239 1423 1299 κατοὶ
1456 1238 1559 1315 τὴν
1596 1240 1899 1301 θάλασσαν

294 1329 483 1405 μηδεὶς
536 1328 792 1404 ἠντιοῦτο
839 1326 1038 1405 Ξέρξῃ,
1088 1324 1231 1386 κατά
1281 1352 1349 1407 γε
1402 1324 1469 1386 ἂν
1520 1325 1623 1403 τὴν
1669 1327 1898 1406 ἤπειρον

295 1416 478 1475 τοιάδε
515 1417 742 1496 ἐγίνετο·
792 1420 840 1475 εἶ
875 1414 966 1473 καὶ
993 1413 1205 1473 πολλοὶ
1240 1414 1465 1493 τειχέων
1502 1417 1725 1479 κιθῶνες
1748 1415 1899 1492 ἦσαν

239 1534 242 1537 ’
298 1503 633 1579 ἐληλαμένοι
671 1502 764 1561 &a
797 1506 896 1562 τοῦ
929 1501 1167 1577 Ἰσθμοῦ
1202 1503 1735 1579 Πελοποννησίοισι,
1762 1530 1897 1582 προ-

295 1590 543 1653 δοθέντες
578 1588 646 1648 ἂν
681 1588 1110 1665 Λακεδαιμόνιοι
1145 1587 1257 1649 find
1292 1591 1403 1650 τῶν
1431 1590 1759 1671 συμμάχων,
1796 1592 1898 1653 οὐκ

297 1676 526 1737 ἑκόντων
566 1675 698 1735 ἀλλ’
739 1674 833 1736 ὕπ’
885 1676 1203 1759 άναγκαίης,
1260 1676 1401 1737 κατὰ
1454 1677 1618 1740 πόλις
1670 1679 1896 1739 ἁλισκο-

294 1766 470 1847 μένων
523 1763 632 1823 &ard
679 1768 781 1823 τοῦ
823 1768 1078 1825 ναυτικοῦ
1132 1769 1378 1842 στρατοῦ
1424 1769 1525 1825 τοῦ
1573 1766 1895 1844 βαρβάρου,

297 1851 709 1927 ἐμουνώθησαν·
757 1853 1127 1927 μουνωθέντες
1162 1852 1223 1911 δὲ
1254 1851 1336 1925 ἂν,
1375 1852 1466 1913 καὶ
1498 1851 1899 1930 ἀποδεξάμενοι

298 1940 430 2019 ἔργα
467 1938 707 2018 μεγάλα,
737 1938 1014 1999 ἀπέθανον
1049 1941 1355 2021 γενναίως·.
1409 1938 1447 2016 ἢ
1471 1945 1647 2000 ταῦτα
1672 1938 1741 2000 ἂν
1770 1942 1897 2001 ἔπα-

297 2028 412 2096 θον,
453 2025 490 2101 ἢ
531 2025 640 2102 πρό
682 2030 800 2098 τοῦ,
839 2024 1096 2108 ὄρέωντςς
1130 2026 1200 2086 ἂν
1237 2028 1327 2087 καὶ
1364 2028 1491 2089 τοῦς
1527 2026 1738 2089 ἄλλους
1760 2027 1897 2088 Ἕλ-

295 2119 467 2190 ληνας
520 2112 863 2190 μηδίζοντας,
918 2113 1195 2197 ὁμολογίῃ
1254 2113 1323 2175 ἂν
1386 2112 1699 2193 ἐχρήσαντο
1756 2116 1901 2191 πρᾶς

295 2203 524 2280 Ξέρξεα·
569 2202 660 2262 καὶ
689 2200 829 2264 οὕτω
855 2200 924 2269 ,ἂν
950 2202 1034 2267 ἐπ’
1062 2202 1359 2284 ἀμφότερα
1384 2201 1422 2278 ἦ
1446 2201 1713 2266 Ἑλλοῖς’
1688 2202 1897 2315 ἐγίνετο

293 2291 402 2352 υπὸ
448 2292 732 2370 Πέρσῃσι·
790 2290 894 2367 τὴν
935 2317 1044 2379 γαρ
1091 2290 1343 2368 ὠφελίην
1382 2290 1487 2366 τήν
1527 2316 1635 2352 των
1674 2291 1899 2371 τειχέων

292 2385 402 2445 τῶν
429 2379 518 2441 διοῖ
555 2383 654 2440 τοῦ
689 2378 926 2457 Ἰσθμοῦ
954 2380 1313 2461 ἐληλαμένων
1340 2404 1405 2438 ου
1432 2379 1667 2456 δύναμαι
1691 2380 1895 2439 πυθέσ-

296 2469 463 2535 θαι”
425 2486 546 2553 ητις
580 2466 650 2531 ,ἂν
685 2466 771 2544 ἦν,
799 2467 1077 2543 βασιλέος
1114 2468 1530 2543 ἐπικρατέοντος
1555 2470 1657 2543 τῆς
1684 2466 1895 2527 θαλάσ-

295 2582 420 2640 σης·
455 2560 552 2627 νῦν
577 2555 638 2624 δε
661 2552 1053 2632 Ἀθηναίους
1017 2580 1088 2615 αν
1113 2580 1198 2618 τις
1224 2555 1403 2635 λέγων
1432 2558 1689 2630 σωτῆρας
1708 2554 1896 2634 γενέσ-

299 2635 392 2704 θαι
443 2646 542 2719 τῆς
585 2642 878 2712 Ἑλλάδος,
928 2668 1026 2701 ουκ
1075 2667 1145 2702 αν
1192 2640 1497 2718 οἷμαρτάνοι
1549 2640 1616 2701 τὸ
1672 2638 1897 2715 άληθές·

295 2727 448 2789 οὗτοι
487 2728 596 2809 γὰρ
640 2729 730 2789 ἐπὶ
770 2729 1006 2807 ὁκότερα
1043 2732 1155 2789 τῶν
1196 2728 1537 2809 πρηγμάτων
1574 2726 1897 2804 ἐτράποντο,

299 2818 475 2873 ταῦτα
500 2814 688 2892 ῥέψειν
716 2818 936 2897 ἔμελλε·
979 2813 1236 2890 ἑλόμενοι
1264 2815 1322 2873 δὲ
1346 2842 1450 2889 την
1468 2814 1725 2875 Ελλάδα
1749 2840 1897 2889 περι-

299 2905 436 2960 εῖναι
463 2901 772 2985 ἐλευθέρην,
799 2908 966 2962 τοῦτο
991 2902 1056 2961 τὸ
1082 2892 1419 3010 ἱΕλληνικὸν
1444 2906 1559 2961 πᾶν
1582 2900 1649 2963 τό
1678 2900 1894 2974 λοιπὸν,

301 2988 437 3051 ὅσον
463 2987 546 3069 μή
580 2988 822 3069 ἐμήδισε,
854 2988 1012 3049 αὐτοὶ
1048 2984 1201 3046 οὗτοι
1234 2985 1383 3060 ἦσαν
1415 2992 1469 3046 οἱ
1499 2990 1895 3067 ἐπεγείραντες,

303 3074 390 3135 καὶ
417 3076 669 3155 βασιλέα
695 3075 834 3149 μετά
858 3100 924 3153 γε
953 3072 1111 3136 θεοῦς
1136 3071 1505 3148 ἀνωσάμενοι·
1550 3073 1679 3133 οὐδέ
1714 3080 1898 3148 σφεας

301 3159 616 3239 χρηστήρια
642 3160 867 3234 φοβεροὶ
894 3158 1131 3219 ἐλθόντα
1157 3163 1217 3217 ἐκ
1246 3161 1505 3231 Δελφῶν,
1536 3159 1628 3217 καὶ
1654 3164 1709 3221 ἐς
1736 3158 1897 3233 δεῖμα

305 3243 578 3314 βαλόντα,
608 3244 794 3299 ἔπεισε
831 3248 1075 3302 ἐκλιπεῖν
1109 3242 1213 3313 τήν
1235 3242 1507 3301 Ἐλλάδα·
1548 3243 1707 3303 ἀλλὰ
1733 3269 1895 3304 κατα-
