2192 3409
324 106 392 177 40'
941 128 1305 179 ἮΡοΔοτοτ
1612 170 1639 195 ,
1690 172 1705 181 ,
1820 126 1917 193 [V.

225 206 302 263 90
321 204 580 284 οἷνσῖρσια.
661 206 757 272 Ἐς
791 210 1058 287 τιμωρίην
1090 208 1150 267 δὲ
1184 207 1799 286 παρασκευαζομένοισι
1828 208 1919 268 αὖ-

320 298 474 355 τοῖσι
536 300 596 355 ἐκ
643 296 1090 373 Λακεδαιμονίων
1141 300 1378 377 πρῆγμα
1424 296 1773 377 ἐγειρόμενον
1824 303 1920 375 ἐμ-

323 383 520 443 πόδιον
559 385 798 465 ἐγένετο.
879 384 1185 462 πυθόμενοι
1228 384 1341 465 γὰρ
1395 387 1451 445 οἱ
1489 384 1919 462 Λακεδαιμόνιοι

316 470 388 530 τσῖ
425 476 486 531 ἐκ
529 475 639 532 τῶν
668 470 1147 550 Ἀλκμαιωνιὸέων
1187 477 1243 535 ἐς
1274 472 1379 548 τὴν
1411 473 1633 548 Πυθίην
1666 497 1919 551 μεμηχα-

319 560 545 635 νημένα,
595 560 688 619 καὶ
726 560 802 621 τοὶ
843 566 904 621 ἐκ
952 564 1055 636 τῆς
1095 561 1313 637 Πυθίης
1355 560 1448 619 ἐπὶ
1494 560 1681 635 σφέας
1720 586 1786 621 τε
1826 562 1919 619 καὶ

317 646 447 710 τοὺς
488 649 977 726 Πεισιστρατίδας,
1019 648 1325 726 συμφορήν
1368 651 1651 708 ἐποιεῦντο
1692 648 1916 725 διπλῆν,

317 733 405 794 ὅτι
443 760 506 795 τε
545 734 747 813 ἄνδρας
783 738 990 806 ξείνους
1025 744 1139 812 σφι
1174 736 1365 799 ἐόντας
1404 733 1819 811 ἐξεληλάκεσαν
1856 742 1919 795 ἐκ

316 827 419 897 τῆς
453 824 671 883 ἐκείνων
707 825 799 883 καὶ
839 822 925 883 ὅτι
961 829 1139 884 ταῦτα
1176 823 1459 900 ποιήσασι
1492 823 1654 902 χάρις
1689 822 1918 900 οὐδεμία

319 912 577 983 ἐφαίνετο
611 910 751 988 πρὸς
782 915 892 970 τῶν
927 910 1257 986 Ἀθηναίων·
1313 912 1391 971 ἔτι
1432 936 1495 971 τε
1534 909 1676 987 πρός
1704 910 1915 971 τούτοι-

318 1020 382 1054 σι
437 997 635 1078 ἐνῆγόν
680 1003 864 1073 σφεας
906 1001 960 1057 οἶ
998 1000 1269 1077 χρησμοὶ,
1317 1000 1578 1080 λέγοντες
1616 998 1813 1057 πολλά
1853 1024 1919 1058 τε

318 1083 410 1142 καὶ
458 1082 700 1163 ἀνάρσια
753 1086 987 1146 ἔσεσθαι
1041 1084 1265 1145 αὐτοῖσι
1318 1088 1381 1157 ἐξ
1426 1085 1752 1162 Ἀθηναίων·
1805 1089 1914 1145 τῶν

315 1170 588 1251 πρότερον
643 1176 774 1255 μὲνὓ
801 1172 952 1249 ἦσαν
1005 1172 1212 1243 ἀδαέες,
1272 1175 1399 1235 τότε
1452 1173 1513 1232 δὲ
1568 1174 1913 1250 Κλεομένεος

317 1263 652 1337 κομίσαντος
714 1267 768 1325 ἐς
823 1262 1088 1341 Σπάρτην
1152 1260 1436 1338 ἐξέμαθον.
1525 1259 1803 1336 ἐκτήσατο
1854 1262 1913 1321 δὲ

315 1348 346 1407 ὁ
397 1352 722 1426 Κλεομένης
779 1356 840 1409 ἐκ
885 1354 988 1426 τῆς
1039 1348 1346 1425 Ἀθηναίων
1396 1347 1736 1425 ἀκροπόλιος
1784 1348 1912 1411 τούς

315 1438 622 1513 χρησμοῧς,
674 1436 804 1500 τοῦς
855 1439 1082 1514 ἔκτηντο
1135 1441 1239 1514 μὲν
1285 1436 1557 1513 πρότερον
1610 1438 1665 1494 οἱ
1718 1442 1911 1495 Πεισι-

317 1524 608 1597 στρατίδαι
647 1524 1066 1599 ἐξελαυνόμενοι
1110 1526 1168 1583 δέ
1210 1524 1407 1585 ἔλιπον
1443 1528 1501 1583 ἐν
1534 1526 1613 1602 τῷ
1650 1521 1763 1601 ἱρῷ·
1818 1548 1909 1580 κα-

221 1611 716 1685 91ταλειφθέντας
763 1610 823 1669 δὲ
869 1610 902 1671 o‘
949 1612 1275 1688 Κλεομένης
1326 1610 1588 1687 ἀνέλαβε.
1672 1610 1812 1669 Τότε
1852 1611 1909 1668 δὲ

315 1697 387 1760 ὦς
427 1697 712 1775 ἀνέλαβον
743 1702 798 1759 οἱ
832 1698 1264 1775 Λακεδαιμόνιοι
1303 1699 1435 1762 τούς
1474 1697 1780 1777 χρησμούς,
1819 1699 1909 1755 καὶ

313 1785 442 1849 τούς
492 1785 818 1863 Ἀθηναίους
871 1786 1068 1864 ἑῶρεον
1133 1786 1465 1864 αὐξομένους
1517 1785 1608 1845 καὶ
1662 1782 1909 1861 οὐδαμῶς

321 1876 570 1951 ἑτοίμους
613 1874 804 1939 ἐόντας
848 1876 1151 1936 πείθεσθαί
1188 1881 1314 1949 σφι,
1358 1874 1465 1954 νόῳ
1516 1871 1794 1949 λαβόντες
1839 1872 1905 1934 ὦς

313 1961 605 2039 ἐλεύθερον
635 1965 740 2039 μὲν
775 1962 868 2022 ἐδν
903 1962 969 2022 τὸ
1007 1963 1169 2042 γένος
1204 1961 1271 2022 τό
1311 1960 1567 2021 Ἀττικὸν
1606 1959 1907 2037 ἰσόρροπον

311 2053 388 2127 τῷ
430 2054 641 2110 ἑωυτῶν
682 2050 911 2131 γίνοιτο,
947 2050 1318 2128 κατεχόμενον
1354 2050 1413 2109 δὲ
1444 2050 1556 2109 ὖπὸ
1591 2049 1907 2127 τυραννίδος

313 2136 543 2199 ἀσθενὲς
599 2138 690 2195 καὶ
743 2138 1177 2215 πειθαρχέεσθαι
1229 2141 1467 2213 ἑτοῖμον·
1525 2136 1796 2215 μαθόντες
1848 2136 1907 2195 δὲ

317 2222 524 2283 τούτων
573 2224 798 2294 ἕκαστα,
847 2225 1267 2302 μετεπέμποντο
1308 2225 1531 2301 Ἱππίην
1571 2223 1670 2283 τὸν
1713 2230 1905 2282 Πεισι-

313 2311 558 2389 στράτου
611 2312 723 2373 οἷπὸ
773 2313 992 2395 Σιγείου
1041 2316 1143 2373 τοῦ
1198 2318 1257 2373 ἐν
1300 2311 1723 2391 Ἑλλησπόντῳ,
1773 2316 1827 2374 ἐς
1872 2304 1905 2371 3

313 2400 730 2483 καταφεύγουσι
773 2403 826 2461 οἱ
849 2402 1355 2479 ·Πεισιστρατίδαι·
1412 2402 1535 2460 ἐπεί
1570 2426 1633 2461 τε
1684 2400 1745 2459 δέ
1795 2408 1907 2475 σφι

310 2486 529 2563 Ἱππίης
576 2489 909 2566 καλεόμενος
953 2486 1071 2564 ἧκε,
1119 2489 1614 2567 μεταπεμψάμενοι
1669 2489 1761 2547 καὶ
1798 2493 1907 2547 τῶν

312 2573 500 2635 ἄλλων
537 2576 850 2655 συμμάχων
879 2575 1171 2658 ἀγγέλους,
1200 2576 1395 2657 ἔλεγόν
1421 2583 1533 2654 σφι
1561 2578 1907 2653 Σπαρτιῆται

311 2662 462 2720 τάδε·
515 2661 762 2740 “ἅνδρες
807 2689 1117 2743 συμμαχοι,
1174 2664 1633 2745 συγγινωσκομεν
1684 2662 1908 2724 αυτοῖσι

309 2748 446 2826 ημῖν
495 2775 558 2809 ου
607 2752 886 2827 ποιήσασι
930 2752 1125 2827 ὀρθῶς·
1182 2753 1507 2830 ἐπαρθέντες
1550 2780 1665 2835 γαρ
1714 2750 1907 2829 κιβδή-

312 2843 470 2899 λοισι
522 2840 859 2917 μαντηιοισι,
905 2838 1107 2917 ανδρας
1158 2841 1365 2911 ξείνους
1410 2841 1601 2904 ἐόντας
1652 2841 1788 2918 ἡμῖν
1837 2838 1909 2899 τοὶ

309 2927 564 3003 μάλιστα
591 2928 684 2986 καὶ
709 2927 1197 3001 σ.πῖ.ναδεκο,ιιιένουςι
1162 2928 1483 3005 υποχειρίας
1510 2930 1769 3004 παρέξειν
1808 2928 1909 2989 τοὶς

309 3013 566 3087 Ἀθήνας,
593 3013 822 3075 τούτους
864 3017 924 3069 ἐκ
959 3016 1061 3085 τῆς
1095 3013 1361 3087 πατρίδος
1402 3014 1777 3089 ἐξηλάσαμεν,
1816 3013 1909 3070 καὶ

317 3101 519 3167 ἔπειτα,
547 3100 884 3173 ποιήσαντες
922 3102 1115 3166 ταῦτα,
1144 3098 1299 3175 δήμῳ
1340 3098 1625 3177 ἀχαρίστῳ
1664 3098 1906 3175 παρεδώ-

313 3208 486 3257 καμεν
520 3210 625 3258 την
655 3184 844 3242 πόλιν·
887 3208 947 3243 ος
979 3184 1105 3241 ἐπεί
1129 3208 1191 3241 τε
1232 3184 1298 3241 δι’
1324 3185 1499 3259 ἡμέας
1526 3186 1908 3261 ἐλευθερωθεὶς

315 3267 648 3344 ἀνέκυψε,η
614 3270 786 3341 ημέας
829 3272 932 3341 μὲν
976 3270 1067 3325 καὶ
1112 3294 1211 3327 τον
1252 3270 1502 3342 βασιλέα
1544 3271 1727 3345 ἡμέων
1757 3296 1907 3347 περι-
