2192 3409
295 149 512 215 90-92]
892 150 1299 203 ΤΕΡΨῙΧΟΡΗ.
1826 155 1887 201 41

293 231 542 307 ὕβρίσας
584 230 838 309 ἐξέβαλε,
866 232 1032 303 δόξαν
1067 233 1129 293 δὲ
1170 232 1359 309 φύσας
1393 230 1701 301 αὐξάνεται·
1742 229 1891 291 ὥστε

293 318 714 396 ἐκμεμαθήκασι
739 320 996 397 μάλιστα
1019 323 1125 398 μὲν
1150 323 1204 380 οἱ
1228 322 1499 397 περίοικοι
1525 318 1703 379 αὐτῶν
1719 311 1890 378 Βοιώ-

291 408 385 465 τοὶ.
409 409 500 466 καὶ
527 408 848 478 Χαλκιδέες,
873 408 1022 488 τάχα
1049 409 1113 467 δέ
1143 434 1227 472 τις
1254 409 1344 467 καὶ
1372 406 1551 469 ἄλλος
1578 405 1885 483 ἐκμαθήσε-

288 520 384 553 ται
421 495 698 572 ἁμαρτών.
753 496 877 555 ε’πεί
897 520 959 556 τε
986 496 1045 556 δὲ
1073 500 1254 557 ε’κεῗνα
1278 494 1618 571 ποιήσαντες
1642 492 1887 572 ἡμάρτο-

288 608 410 658 μεν,
455 588 551 643 νῦν
593 583 979 661 πειρησόμεθά
1026 590 1212 661 σφεας
1257 583 1375 661 ἅμα
1426 583 1556 660 ὑμῖν
1600 581 1890 658 άκεόμενοι

289 671 582 731 τίσασθαι·
623 671 796 731 αὐτοῦ
836 671 948 753 γὰρ
994 672 1201 732 τούτου
1244 674 1445 731 εἵνεκεν
1486 670 1646 731 τόνδε
1686 695 1749 730 τε
1789 669 1887 729 τὸν

288 755 512 835 Ἱππίην
537 758 1028 839 μετεπεμψάμεθα,
1057 760 1151 820 καὶ
1180 759 1352 836 ὑμέας
1377 758 1489 820 ‹in-6
1520 763 1630 819 τῶν
1655 758 1883 831 πολίων,

292 846 380 905 ἵνα
405 852 567 927 κοινῷ
590 875 653 908 τε
679 849 952 930 λόγῳκαὶ
980 852 1141 928 κοινῷ
1166 848 1359 929 στόλῳ
1386 846 1757 927 ἐσαγαγόντες
1792 844 1885 905 αὖ·

288 933 388 994 τᾶν
415 940 469 998 ἐς
493 936 594 999 τσῖς
617 936 858 1012 Ἀθήνας
883 935 1177 1013 ἀποδῶμεν
1202 934 1275 996 τοὶ
1304 936 1395 995 καὶ
1421 933 1821 1012 άπειλόμεθα.”

373 1026 446 1081 Οἱ
470 1025 574 1099 μὲν
597 1028 771 1083 ταῦτα
799 1024 1012 1104 ἔλεγον·
1053 1028 1164 1084 τῶν
1191 1024 1251 1083 δὲ
1276 1022 1591 1101 συμμάχων
1628 1021 1694 1081 τό
1737 1025 1879 1097 πλῆ-
1902 1024 1978 1081 92

289 1110 388 1171 θος
423 1109 521 1169 οὖκ
555 1111 826 1170 ἐνεδέκετο
868 1136 997 1173 τους
1038 1110 1265 1199 λόγους.
1349 1114 1403 1170 οἶ
1438 1110 1543 1186 μέν
1582 1134 1678 1169 νυν
1710 1108 1881 1167 ἄλλοι

287 1195 532 1275 ἡσυχίην
555 1197 712 1277 ἦγον,
742 1197 1038 1277 Κορίνθιος
1061 1200 1121 1257 δὲ
1150 1192 1472 1273 Σωσικλέης
1500 1196 1651 1267 ἔλεξε
1676 1196 1825 1255 τάδε.

371 1284 498 1343 “Ἠ
526 1285 654 1362 δή
622 1314 654 1345 ο
679 1311 742 1345 τε
774 1284 1001 1363 οὖρανός
1027 1288 1187 1346 ἔσται
1214 1286 1396 1363 ἔνερθε
1421 1289 1522 1360 τῆς
1560 1288 1666 1365 γῆς
1707 1284 1798 1341 καὶ
1840 1282 1879 1359 ἦ

287 1374 364 1453 γῆ
402 1375 672 1451 μετέωρος
697 1372 836 1451 §vr-*sp
863 1377 964 1433 τοῦ
991 1373 1241 1451 οὐρανοῦ,
1272 1373 1366 1432 καὶ
1394 1375 1447 1432 οἱ
1474 1370 1753 1449 ἄνθρωποι
1792 1398 1881 1432 νο-

286 1460 397 1534 μὸν
422 1466 480 1520 ἐν
505 1461 776 1539 θαλάσσῃ
804 1461 995 1531 ἕξουσι
1031 1462 1125 1520 καὶ
1160 1464 1213 1521 οἱ
1252 1460 1437 1540 ἰχθύες
1475 1460 1573 1521 τόν
1608 1458 1881 1537 πρότερον

289 1546 583 1623 ἅνθρωποι,
626 1548 720 1608 ὅτε
760 1574 828 1629 γε
868 1548 1039 1624 ὑμεῖς,
1083 1547 1127 1607 ὦ
1164 1548 1609 1626 Λακεδαιμόνιοι,
1657 1550 1879 1625 ἰσοκρα-

287 1636 408 1697 τίας
443 1634 807 1701 καταλύοντες
843 1638 1165 1714 τυραννίδας
1201 1642 1255 1701 ἐς
1288 1638 1388 1701 τοὶς
1416 1636 1583 1699 πόλις
1620 1635 1878 1717 κατάγειν

288 1723 796 1797 παρασκευάζεσθε·
848 1729 950 1784 τοῦ
997 1724 1126 1785 οὔτε
1170 1724 1497 1802 ἀδικώτερον
1541 1723 1699 1783 οὐδέν
1752 1729 1875 1783 ἐστι

289 1808 407 1869 κατ’
447 1809 767 1888 ἀνθρώπους
815 1811 945 1873 οὗτε
996 1813 1455 1891 μιαιφονώτερον.
1540 1818 1587 1871 εἰ
1639 1810 1749 1893 γὰρ
1805 1811 1874 1887 δή

287 1898 452 1958 τοῦτό
489 1923 556 1980 γε
601 1900 784 1961 δοκέει·
816 1896 948 1977 ὖμῖν
990 1900 1129 1959 εἶναι
1170 1900 1438 1980 χρηστὸν,
1485 1901 1628 1959 ὥστε
1680 1924 1871 1976 τυραν-

287 1984 539 2047 νεύεσθαι
577 1988 678 2051 τὰς
717 1988 900 2057 πόλις,
944 1987 1107 2047 αὐτοὶ
1147 1992 1356 2065 πρῶτοι
1396 1989 1661 2066 τύραννον
1709 2013 1870 2047 κατα-

286 2074 632 2151 στησάμενοι
675 2076 832 2153 παρὰ
876 2079 1054 2152 σφίσι
1098 2076 1337 2145 αὑτοῖσι,
1384 2076 1523 2137 οὕτω
1577 2076 1667 2135 καὶ
1718 2079 1872 2135 τοῖσι

284 2160 518 2222 ἄλλοισι
553 2164 780 2241 δίζησθε
824 2164 1170 2225 κατιστάναι·
1210 2169 1306 2225 νῦν
1347 2165 1422 2235 δὲ,
1460 2164 1617 2225 αὐτοὶ
1659 2163 1875 2241 ἄπειροι

285 2250 464 2315 ἐόντες
496 2252 787 2329 τυράννων,
816 2253 907 2311 καὶ
950 2252 1345 2329 φυλάσσοντες
1380 2252 1665 2313 δεινότατα
1702 2255 1869 2312 τοῦτο

284 2342 356 2397 ἐν’
381 2344 453 2418 τῇ
497 2340 728 2419 Σπάρτῃ
773 2340 854 2417 μὴ
898 2340 1178 2422 γενέσθαι,
1225 2341 1598 2420 παραχρᾶσθε
1646 2344 1701 2403 ἐς
1744 2340 1873 2402 τούς

283 2426 634 2506 συμμάχους.
718 2432 765 2488 εἰ
787 2430 790 2435 ’
813 2429 872 2487 δὲ
923 2427 1080 2489 αὐτοὶ
1140 2431 1390 2505 ἔμπειροι
1447 2428 1567 2487 ἔατε
1629 2425 1873 2503 κατάπερ

282 2514 455 2590 ἡμεῖς,
485 2517 660 2594 εἴχετε
695 2515 764 2576 αν
797 2517 926 2594 περὶ
959 2516 1128 2577 αὐτοῦ
1162 2516 1385 2599 γνώμας
1410 2514 1704 2593 ἀμείνονας
1728 2540 1871 2591 συμ-

280 2604 685 2678 βάλλεσθαι”
647 2630 790 2681 ηπερ
831 2610 946 2665 νῦν.
1067 2648 1072 2653 -
1617 2620 1621 2625 ’

361 2694 855 2756 ΚΟΡΙΝΘΙΟΙΣΙ
895 2718 1006 2775 γαρ
1037 2691 1109 2768 ἦν
1147 2640 1347 2756 πόλιος
1387 2692 1734 2755 κατάστασις
1762 2718 1874 2753 τοι·

280 2778 396 2855 ήδε·
435 2779 506 2857 ἦν
532 2780 847 2861 ὀλιγαρχίη,
876 2780 968 2839 καὶ
1009 2778 1164 2839 οὗτοι
1191 2780 1501 2859 Βακχιάδαι
1542 2778 1873 2856 καλεόμενοι

282 2868 473 2943 ἔνεμον
495 2867 600 2943 τὴν
625 2868 812 2928 πόλιν·
855 2868 1112 2927 ἐδίδοσαν
1152 2868 1211 2927 δὲ
1245 2867 1337 2925 καὶ
1374 2866 1581 2947 ἤγοντο
1606 2867 1669 2935 ἐξ
1694 2865 1872 2940 α’λλή-

283 2958 412 3014 λων.
491 2954 760 3032 Ἀμφίονι
800 2955 929 3026 δὲ,’
903 2955 1050 3015 εόντι
1086 2954 1296 3015 τούτων
1334 2958 1445 3015 τῶν
1476 2953 1701 3030 ἀνδρῶν,
1728 2952 1871 3059 γίνε-

277 3068 369 3101 ται
396 3041 642 3125 θυγάτηρ
666 3042 844 3122 χωλή·
887 3068 1096 3120 ουνομα
1123 3042 1185 3101 δέ
1210 3045 1263 3100 οἶ
1286 3040 1357 3117 ἦν
1382 3040 1606 3116 Λάβδα·
1647 3064 1869 3113 ταυτην,

279 3130 634 3210 Βακχιαδέων
667 3156 778 3211 γαρ
813 3129 990 3193 ουδεὶς
1027 3129 1199 3205 ἤθελε
1238 3133 1433 3209 γῆμαι,
1461 3127 1615 3205 ἴσχει
1638 3124 1872 3186 Ἠετίων

279 3244 310 3277 ο
293 3216 714 3298 ’Ἑχεκράτεοςῃ
743 3215 922 3295 δημου
952 3220 1056 3294 μὲν
1086 3216 1173 3298 [ἐκ
1198 3214 1495 3296 Πέτρης]’
1470 3212 1587 3287 εῶν,
1616 3212 1757 3291 ‹fa-dp
1798 3214 1870 3274 τοὶ

280 3303 543 3366 άνέκαθεν
571 3307 824 3379 Λαπίθης
853 3332 912 3363 τε
943 3305 1032 3363 καὶ
1061 3304 1372 3377 Καινείδης·
1416 3308 1473 3362 ἐκ
1503 3302 1565 3361 δέ
1591 3304 1644 3361 οἶ
1668 3300 1871 3371 ταύτης
