2192 3409
289 115 328 161 a
899 110 1268 161 ἫΡοΔοτοί·
1796 112 1887 177 [v.

286 190 586 263 ἀναπαύεο,
613 190 756 272 μηδὲ
781 188 1013 268 λιπάρεε
1040 194 1113 269 τῇ
1139 188 1326 249 πόσει·
1357 188 1465 271 ἐγῶ
1483 189 1544 251 δὲ
1562 191 1894 269 προσμένων

287 278 458 341 αὐτοῦ
473 281 622 358 τῇδε,
637 278 822 340 πάντα
835 278 908 339 τὰ
924 278 1184 355 ἐπιτήδεα
1204 276 1423 355 παρέξω
1440 282 1594 339 τοῖσι
1610 278 1893 349 ξείνοισι.”

287 367 431 445 πρός
452 371 629 427 ταῦτα
655 368 860 431 συνιεὶς
876 366 908 427 ὅ
926 366 1203 445 Ἀμύντης
1222 365 1310 427 ὅτι
1329 364 1568 443 νεώτερα
1589 366 1894 449 πρήγματα

287 454 520 533 πρήξειν
544 454 748 531 μέλλει
771 453 1158 533 Ἀλέξανδρος,
1186 454 1361 536 λέγει·
1404 465 1439 489 “
1458 453 1502 512 ὦ
1539 458 1658 524 παῖ,
1687 456 1894 535 σχεδὸν

287 542 397 623 γάρ
427 568 530 602 σευ
556 542 957 620 ἀνακαιομένου
982 544 1215 627 συνίημι
1248 542 1379 606 τοῦς
1411 542 1632 624 λόγους,
1664 542 1752 603 ὅτι
1778 544 1893 603 ἐθέ-

288 632 408 695 λεις
448 632 547 707 ἐμὲ
580 630 868 711 ἐκπέμψας
895 628 1104 692 ποιέειν
1127 657 1185 691 τι
1221 630 1501 708 νεώτερον·
1545 629 1653 711 ἐγω
1686 628 1760 689 ὧν
1790 657 1893 690 σευ

287 718 498 796 χρηΐζω
525 718 697 795 μηδὲν
724 722 1044 798 νεοχμῶσαι
1072 745 1145 779 κα
1211 716 1412 796 ανδρας
1437 717 1681 788 τούτους,
1706 718 1794 780 ἵνα
1811 720 1892 795 μὴ

290 805 568 886 ἐξεργασῃ
607 804 800 883 ἡμέας·
843 804 1000 865 ἀλλὰ
1007 804 1303 915 ’.ἀνέχευ
1270 805 1443 883 ορέων
1472 832 1547 866 τα
1575 806 1891 882 ποιεύμενα·

193 895 272 953 20
289 892 441 969 ἀμφὶ
481 892 542 951 δὲ
581 891 772 973 ἄπόδω
811 898 884 975 τῇ
926 897 1033 971 ἐμῇ
1073 894 1351 970 πείσομαί
1399 920 1508 954 τοι.
1506 892 1539 913 ”
1621 892 1720 955 Ως
1759 894 1818 952 δὲ
1858 920 1891 953 ο

289 978 564 1056 Ἀμύντης
594 980 816 1060 χρήσας
846 981 1055 1051 τούτων
1092 979 1334 1060 οἰχώκεε,
1369 980 1531 1063 λέγει
1563 980 1595 1043 ὅ
1632 979 1893 1051 Ἀλέξαν-

271 1066 417 1143 δρος
469 1068 610 1145 πρός
662 1094 793 1132 τους
847 1067 1099 1147 Πέρσας·
1183 1074 1507 1153 “γυναικὼ“ν
1554 1068 1807 1139 τουτέων,
1854 1068 1895 1127 ὦ

288 1155 474 1226 ξεῖνοι,
533 1156 730 1234 πολλή
778 1162 903 1218 ἐστι
955 1156 1088 1236 υμῖν
1133 1156 1400 1235 εὐπετείη,
1444 1184 1538 1217 και
1581 1183 1630 1217 ει
1668 1182 1894 1235 πασῃσι

283 1243 579 1319 βουλεσθε
603 1246 917 1328 μίσγεσθαι
943 1246 1037 1306 καὶ
1066 1245 1312 1327 ὁκόσῃσι
1340 1272 1415 1306 ων
1440 1244 1666 1306 αὐτέων·
1693 1244 1893 1303 τούτου

284 1333 390 1406 μὲν
430 1333 556 1410 πέρι
595 1334 754 1394 αὐτοὶ
793 1332 1236 1411 ἀποσημανέετε·
1284 1337 1383 1394 νῦν
1419 1333 1495 1403 δὲ,
1539 1329 1747 1410 σχεδόν
1780 1330 1892 1411 γοῖρ

287 1416 396 1493 ἤδη
435 1424 536 1493 τῆς
589 1422 774 1494 κοίτης
813 1420 927 1497 ὥρη
967 1420 1347 1503 προσέρχεται
1385 1419 1517 1497 υμῖν
1565 1420 1659 1478 καὶ
1711 1422 1892 1481 καλῶς

271 1506 520 1585 ἔχοντας
551 1505 724 1581 υμέας
759 1504 898 1582 ὁρέω
927 1505 1118 1582 μέθης,
1147 1510 1411 1587 γυναῖκας
1436 1507 1657 1577 ταύτας,
1688 1504 1793 1566 εἶ’
1759 1510 1892 1615 υμῖν

291 1594 467 1669 φίλον
493 1592 633 1661 ἐστὶ,
652 1590 828 1667 ἄφετε
853 1590 1198 1651 λουσασθαι·
1226 1596 1584 1673 λουσαμένας
1606 1592 1738 1664 δέ,’
1706 1594 1891 1654 οπίσω

288 1678 725 1757 vpoff‘b‘e'xecoff'
807 1680 965 1742 εἴπας
999 1682 1191 1748 ταῦτα,
1228 1681 1552 1742 συνέπαινοι
1590 1708 1701 1761 γαρ
1742 1680 1893 1757 ἦσαν

289 1768 346 1827 ὁὶ
371 1768 612 1844 Πέρσαι.
653 1770 916 1849 γυναῖκας
964 1769 1070 1843 μὲν
1112 1766 1451 1836 ἐξελθούσας
1498 1766 1827 1877 απέπεμπε
1840 1774 1893 1833 ἐς

285 1855 392 1931 τήν
426 1855 767 1936 γυναικηιην·
811 1854 976 1919 αὐτος
1009 1854 1138 1915 δὲ’
1106 1882 1137 1915 ο
1173 1853 1599 1933 Ἀλέξανδρος*
1576 1881 1731 1919 ισους
1756 1882 1891 1935 τῃσι

285 1942 506 2023 γυναιξὶ
529 1941 768 2021 ἅριθμὸν
795 1940 994 2020 ἄνδρας
1020 1943 1385 2025 λειογενείους
1404 1946 1475 2023 τῇ
1494 1968 1603 2002 των
1621 1968 1892 2023 γυναικων

288 2032 488 2107 ἐσθῆτι
523 2024 822 2104 σκευάσας,
855 2030 948 2089 καὶ
979 2031 1281 2110 ἐγχειρίδια
1317 2030 1461 2101 δοῦς,
1500 2034 1723 2111 παρῆγε
1761 2032 1889 2090 ἔσω.

289 2117 554 2198 παράγων
581 2118 641 2177 δὲ
674 2117 904 2181 τούτους
941 2119 1102 2199 ἔλεγε
1128 2121 1279 2178 τοῖσι
1308 2118 1577 2198 Πέρσῃσι
1602 2118 1753 2178 τάδε·
1796 2129 1833 2155 “
1850 2118 1893 2179 ὦ

287 2206 530 2282 Πέρσαι,
558 2205 746 2266 οἴκατε
783 2206 1087 2287 πανδαισίῃ
1123 2206 1291 2286 τελέῃ
1330 2208 1671 2282 ε’ἶστιῆσθαι·
1724 2206 1798 2267 τοί
1830 2233 1893 2267 τε

284 2294 398 2376 γὰρ
445 2292 599 2353 ἄλλα
645 2292 758 2355 ὅσα
803 2294 1042 2373 εἴχομεν,
1088 2292 1181 2354 καὶ
1229 2294 1383 2372 πρός,
1430 2294 1503 2355 τοὶ
1561 2294 1652 2355 οἷά
1705 2320 1767 2355 τε
1823 2293 1893 2369 ἦν

291 2381 606 2460 ἐξευρόντας
652 2383 933 2461 παρέχειν,
975 2382 1160 2444 πάντα
1200 2382 1329 2459 ὖμῖν
1369 2382 1629 2460 πάρεστι·
1689 2382 1781 2441 καὶ
1818 2380 1914 2458 δὴ

287 2469 381 2533 καὶ
406 2469 533 2529 τόδε
557 2470 623 2529 τό
650 2470 872 2531 πάντων
898 2472 1172 2550 μέγιστον
1196 2468 1297 2531 τάς
1322 2495 1384 2528 τε
1414 2474 1623 2531 ἑωυτῶν
1648 2470 1893 2546 μητέρας

293 2557 387 2615 καὶ
417 2557 516 2619 τὰς
552 2555 836 2632 ἀδελφεὰς
870 2555 1381 2634 ἐπιδαψιλευόμεθα
1406 2556 1555 2633 ὑμῖν·
1598 2556 1671 2619 ὥς
1696 2581 1892 2615 παντε-

287 2645 429 2707 λέως
457 2643 676 2720 μάθητε
710 2644 1039 2720 τιμεώμενοι
1073 2643 1215 2721 πρός
1251 2644 1434 2719 ἡμέων
1470 2649 1580 2706 τῶν
1615 2645 1721 2721 πέρ
1764 2648 1894 2703 ἐστε

290 2730 456 2802 ἄξιοι,
477 2730 617 2808 πρὸς
638 2730 697 2790 δὲ
718 2732 810 2789 καὶ
829 2731 1072 2807 βασιλέϊ
1090 2734 1167 2810 τῷ
1186 2730 1471 2808 πέμψαντι
1493 2732 1891 2813 ἀπαγγείλητε,

289 2844 360 2883 ως
379 2816 551 2897 ἀνὴρ
551 2821 750 2894 Ελλην
771 2818 1111 2879 Μακεδόνων
1130 2817 1380 2897 ὕπαρχος
1402 2816 1462 2877 εὖ
1478 2817 1649 2897 ὖμέας
1670 2819 1893 2887 ἐδέξατο

292 2908 385 2987 καὶ
423 2905 669 2985 τραπέζῃ
707 2906 798 2964 καὶ
841 2904 1048 2984 κοίτῃ·”
1105 2909 1281 2965 ταῦτα
1323 2908 1480 2971 εἴπας
1508 2905 1891 2984 Ἀλέξανδρος,

286 2995 504 3072 παρίζει
545 2993 748 3071 Πέρσῃ
789 2992 947 3070 σῖνδρὶ
987 2992 1161 3071 ἄνδρα
1201 2993 1518 3066 Μακεδόνα,
1554 2994 1625 3059 ὥς
1659 2998 1894 3076 γυναῖκα

287 3085 364 3160 τῷ
403 3079 688 3161 λόγω·οἱ
729 3080 804 3149 δὲ,
849 3082 974 3139 ἐπεί
1006 3082 1072 3141 τε’
1111 3088 1304 3157 σφεων
1353 3085 1407 3140 οἱ
1447 3082 1661 3161 Πέρσει
1698 3082 1894 3163 ψαυειν

194 3171 316 3228 21’
290 3170 602 3245 επειρῶντο,
632 3166 984 3247 διεργάζοντο
1004 3168 1221 3232 αὐτούς.
1281 3170 1397 3228 Και
1426 3168 1579 3231 οὗτοι
1597 3174 1701 3250 μὲν
1718 3170 1893 3252 τούτῳ

287 3260 364 3333 τῷ
408 3253 564 3333 μόρῳ
604 3251 1006 3329 διεφθάρησαν,
1050 3256 1143 3315 καὶ
1184 3254 1343 3317 αὐτοὶ
1393 3258 1485 3319 καὶ
1531 3260 1575 3337 ἦ
1618 3260 1901 3339 θεραπηιη
