2192 3409
270 94 366 143 116
892 92 1267 143 ἮΡοΔοϊοί·
1746 91 1871 158 [VI.

273 172 415 250 ὕδωρ
456 171 548 233 ἐπὶ
586 171 690 249 τὴν
713 170 1160 250 Ἐννεάκρουνον·
1204 171 1295 251 (οὔ
1334 171 1447 253 γάρ
1488 170 1633 233 εἶναι
1671 176 1877 247 τοῦτον

270 259 371 320 τόν
405 260 610 340 χρόνον
652 261 828 336 σφίσι
872 288 948 321 κω
993 259 1119 320 οὐδὲ
1157 265 1313 321 τοῖσι
1352 259 1588 319 ἄλλοισι
1616 259 1874 335 Ἕλλησι

274 349 530 429 οἰκέτας·)
579 347 717 411 ὅκως
758 348 818 408 δὲ
865 350 1080 409 ἔλθοιεν
1128 345 1309 417 αὗται,
1354 348 1483 410 τούς
1531 348 1874 427 Πελασγοὺς

270 434 379 496 ὖπό
421 435 620 513 ὕβριός
659 461 722 497 τε
765 436 859 495 καὶ
900 436 1197 517 ὀλιγωρίης
1237 435 1487 513 βιᾶσθαί
1522 442 1708 512 σφεας
1723 462 1736 475 ·
1784 436 1877 495 καὶ

271 527 448 583 ταῦτα
485 524 677 600 μέντοι
717 524 893 599 σφίσι
927 522 1026 583 οὐκ
1053 523 1314 603 άποχρᾶν
1338 524 1563 593 ποιέειν,
1592 518 1748 583 awai
1789 524 1874 583 τέ-

275 614 376 675 λος
423 610 514 669 καὶ
563 610 1032 687 ἐπιβουλεύοντας
1077 610 1455 691 ἐπιχειρήσειν
1504 615 1750 686 φανῆναι
1792 610 1876 669 ἐπ’

275 697 604 777 αὐτοφώρω·
663 698 893 763 ἐωυτους
945 699 1005 759 δὲ
1051 699 1317 780 γενέσθαι
1369 698 1621 776 τοσούτῳ
1662 698 1877 758 ἐκείνων

280 783 478 862 ανὸρας
520 785 826 862 αμείνονας,
869 786 987 865 ὅσῳ
1034 788 1242 863 παρεὸν
1292 786 1516 845 αὐτοῖσι
1556 785 1876 845 ἀποκτεῖναι

273 897 402 935 τους
438 874 777 954 Πελασγούς
819 876 968 954 (ἐπεί
1007 880 1192 949 σφεας
1230 875 1441 950 ἔλαβον
1482 874 1868 950 ἐπιβουλεύονς

275 961 395 1041 τας)
425 959 524 1021 οὐκ
553 961 840 1037 ἐθελῆσαι,
869 960 1028 1021 άλλά
1054 968 1170 1038 σφι
1210 964 1495 1037 προειπεῖν
1532 966 1593 1020 ἐκ
1634 964 1734 1036 τῆς
1772 966 1865 1040 fix

281 1048 498 1118 ἐξιέναι·
543 1047 673 1113 τούς
713 1049 773 1109 δὲ
822 1048 964 1108 οὕτω
1011 1049 1080 1126 δή
1130 1048 1571 1127 ἐκχωρήσαντας,
1620 1047 1775 1107 ἄλλα
1814 1074 1877 1106 τε

277 1141 442 1215 σχεῖν
487 1137 664 1216 χωρία
707 1138 800 1197 καὶ
842 1136 910 1213 δή
960 1137 1052 1197 καὶ
1096 1140 1351 1213 Λῆμνον.
1434 1139 1612 1196 ἐκεῖνα
1657 1138 1761 1213 μὲν
1808 1135 1875 1209 δή

185 1225 298 1283 138
311 1223 602 1288 Ἑκαταῖος
638 1224 807 1295 ἔλεξε,
834 1228 1011 1285 ταῦτα
1047 1224 1107 1285 δὲ
1142 1223 1431 1300 Ἀθηναῖοι
1460 1224 1719 1304 λέγουσι.
1804 1226 1877 1281 Οἱ

277 1311 338 1371 δὲ
392 1314 692 1395 Πελασγοὶ
751 1311 904 1373 οὗτοι
955 1317 1187 1390 Λῆμνον
1242 1310 1371 1371 τότε
1422 1310 1731 1387 νεμόμενοι,
1788 1312 1879 1369 καὶ

275 1400 619 1477 βουλόμενοι
659 1400 789 1463 τούς
833 1400 1164 1476 Ἀθηναίους
1208 1398 1655 1477 τιμωρήσασθαι,
1705 1397 1764 1457 εὖ
1817 1424 1879 1457 τε

281 1485 704 1563 ἐξεπιστάμενοι
735 1487 835 1549 τὰς
859 1486 1167 1563 Ἀθηναίων
1206 1485 1388 1563 ὁρτάς,
1416 1487 1879 1562 πεντηκοντέρους

278 1570 625 1655 στησάμενοι
666 1572 954 1651 ἐλόχησαν
986 1573 1273 1651 Ἀρτέμιδι
1300 1579 1358 1634 ἐν
1384 1577 1674 1651 Βραυρῶνι
1714 1572 1878 1655 ἀγού-

277 1684 385 1722 σας
411 1658 580 1735 ἆρτὴν
610 1660 710 1723 τὰς
735 1664 844 1721 τῶν
872 1659 1180 1737 Ἀθηναίων
1219 1666 1501 1742 γυναῖκας·
1546 1662 1794 1722 ἐνθεῦτεν
1822 1662 1881 1719 δὲ

209 1802 216 1807 ,
283 1744 638 1823 ἁρπάσαντες
675 1749 911 1808 τουτέων
952 1749 1176 1812 πολλάς
1219 1750 1441 1828 οἴχοντο
1484 1748 1879 1811 ἀποπλέοντες·

280 1834 378 1892 καί
399 1840 584 1909 σφεας
611 1839 666 1897 ἐς
684 1838 916 1912 Λῆμνον
944 1835 1249 1918 ἀγαγόντες
1274 1837 1574 1899 παλλακὰς
1600 1836 1772 1915 εἶχον·
1812 1836 1882 1899 ὦς

284 1921 344 1980 δὲ
377 1922 579 1982 τέκνων
615 1920 778 1982 αὗται
819 1926 878 1981 αἱ
914 1928 1170 2005 γυναῖκες
1195 1924 1666 2001 ὑπεπλήσθησαν,
1694 1928 1879 2004 γλῶσ-

283 2008 394 2069 σάν
438 2035 500 2069 τε
544 2008 648 2085 τὴν
691 2008 952 2087 Ἀττικήν
999 2012 1092 2071 καὶ
1137 2011 1378 2089 τρόπους
1422 2016 1534 2071 τῶν
1579 2011 1883 2086 Ἀθηναίων

282 2096 572 2156 ἐδίδασκον
612 2096 739 2161 τούς
785 2098 1012 2161 παῖδας·
1070 2101 1126 2158 οἱ
1172 2100 1232 2159 δὲ
1282 2098 1409 2159 οὔτε
1456 2100 1884 2178 συμμίσγεσθαι

280 2188 434 2245 τοῖσι
476 2190 536 2245 ἐκ
577 2190 688 2248 τῶν
725 2188 1096 2268 Πελασγίδων
1138 2191 1412 2268 γυναικῶν
1453 2187 1620 2247 παισὶ
1658 2185 1881 2263 ἤθελον,

287 2272 337 2333 εἶ
360 2300 421 2334 τε
446 2272 709 2335 τύπτοιτό
734 2300 818 2338 τις
845 2273 1024 2336 αὐτῶν
1049 2274 1142 2334 ὑπ’
1172 2275 1387 2335 ἐκείνων
1422 2273 1585 2344 τινὰς,
1615 2272 1885 2350 ἐβοήθεόν

280 2386 344 2421 τε
377 2360 585 2427 πάντες
621 2362 714 2421 καὶ
754 2362 1048 2441 ἐτιμώρεον
1081 2360 1413 2438 ἀλλήλοισι·
1456 2362 1548 2421 καὶ
1574 2361 1643 2437 δὴ
1670 2360 1762 2419 καὶ
1792 2359 1885 2436 ἄρ-

287 2474 410 2527 χειν
439 2475 501 2508 τε
531 2454 642 2511 τῶν
677 2450 887 2509 παιΒων
927 2451 982 2508 οἱ
1015 2449 1207 2513 παῖδες
1234 2450 1515 2522 ἐδικαίευν,
1548 2450 1639 2509 καὶ
1665 2448 1888 2507 πολλὸν

289 2536 636 2613 ἐπεκράτεον·
689 2536 962 2615 μαθόντες
1001 2536 1062 2596 δὲ
1103 2540 1281 2597 ταῦτα
1322 2539 1377 2597 οἶ
1420 2536 1721 2617 Πελασγοὶ
1765 2538 1887 2595 ἐωυ-

284 2628 436 2683 τοῖσι
483 2622 690 2705 λόγους
733 2624 1009 2685 ἐδίδοσαν·
1065 2624 1163 2684 καί
1201 2630 1379 2700 σφισι
1419 2624 1891 2701 βουλευομένοισι

285 2710 462 2771 δεινόν
487 2735 544 2769 τι
571 2711 809 2781 ἐσέδυνε,
839 2715 887 2770 εἰ
912 2710 981 2787 δὴ
1009 2712 1425 2793 διαγινώσκοιεν
1460 2712 1638 2788 σφίσι
1663 2738 1725 2769 τε
1748 2712 1889 2786 βοη-

287 2798 432 2858 θέειν
469 2800 523 2857 οἱ
558 2799 750 2862 παῖδες
785 2799 928 2876 πρός
961 2804 1071 2861 τῶν
1110 2800 1423 2875 κουριδιέων
1456 2803 1730 2881 γυναικῶν
1764 2797 1892 2859 τούς

285 2886 500 2956 παῖδας,
545 2887 638 2945 καὶ
680 2884 889 2946 τούτων
931 2885 1128 2946 αὐτίκα
1170 2886 1361 2964 ἄρχειν
1397 2886 1686 2965 πειρῴατο,
1724 2887 1785 2945 τί
1823 2883 1891 2958 δὴ

289 2972 654 3048 ἀνδρωθέντες
682 2972 861 3047 ,δῆθεν
907 2972 1252 3047 ποιήσουσις
1297 2975 1537 3033 ἐνθαῦτα
1584 2973 1740 3043 ἔδοξέ
1781 2976 1896 3045 σφι

291 3060 520 3119 κτείνειν
537 3059 669 3121 τούς
683 3058 885 3122 παῖδας
908 3058 1037 3121 τούς
1063 3062 1125 3117 ἐκ
1149 3061 1261 3117 τῶν
1283 3058 1577 3119 Ἀττικέων
1600 3064 1893 3141 γυναικῶν·

289 3149 514 3202 ποιεῦσι
556 3144 625 3219 δή
668 3148 859 3216 ταῦτα,
904 3143 1417 3220 προσαπολλύουσι
1460 3146 1523 3205 δέ
1563 3153 1757 3222 σφεων
1802 3147 1889 3203 κα)

291 3226 390 3288 τοὶς
436 3231 696 3304 μητέρας.
777 3229 888 3289 οἶπὸ
940 3231 1141 3289 τούτου
1190 3230 1248 3289 δὲ
1293 3236 1393 3290 τοῦ
1442 3234 1606 3312 ἔργου
1655 3234 1747 3291 καὶ
1793 3237 1893 3290 το·Α
