2192 3409
304 47 400 96 332
912 46 1273 94 ‘HPOAOTor
1774 49 1897 113 [IX.

307 125 464 184 παιδὶ
505 129 582 205 τῷ
628 128 828 186 ἐωυτοΰ
883 125 1118 204 Δαρείῳ,
1174 125 1449 206 θυγατέρα
1497 127 1597 202 τῆς
1646 129 1903 206 γυναικός

301 213 504 289 ταύτης
544 213 636 271 καὶ
676 214 1002 285 Μασίστεω,
1047 213 1251 273 δοκέων
1290 212 1463 289 αὐτὴν
1492 216 1721 290 μᾶλλον
1759 214 1902 291 λάμ-

303 301 514 376 ψεσθαι
543 299 614 376 ἢν
647 305 822 360 ταῦτα
861 299 1093 378 ποιήσῃ,
1124 299 1381 377 ἁρμόσας
1421 300 1481 360 δὲ
1520 301 1612 358 καὶ
1648 299 1721 360 τοὶ
1751 326 1903 378 νομι-

302 386 508 464 ζόμενα
547 388 789 464 ποιήσας
823 387 1111 464 ἀπήλαυνε
1147 393 1202 452 ἐς
1236 389 1447 452 Σοῦσα.
1532 389 1651 447 ἐπεὶ
1692 387 1751 446 δὲ
1792 393 1905 448 ἐκεῖ

303 499 366 533 τε
391 474 620 534 α’πίκετο
648 476 740 533 καὶ
765 473 1008 556 ἠγάγετο
1035 479 1090 538 ἐς
1118 478 1319 534 ἑωυτοῦ
1346 475 1563 554 Δαρείῳ
1586 475 1691 551 τήν
1716 479 1902 556 γυναῖ-

303 586 390 628 κα,
419 560 559 619 οὕτω
589 560 659 636 δὴ
698 565 798 637 τῆς
832 563 1147 622 Μασίστεω
1182 564 1287 638 μὲν
1320 562 1581 642 γυναικός
1610 563 1899 638 ἐπέπαυτο,

299 646 335 706 ὅ
361 647 422 706 δὲ
447 645 876 725 διαμειψάμενος
901 648 1011 726 ἤρα
1035 675 1099 709 τε
1126 649 1217 706 καὶ
1244 649 1509 729 ἐτήκχανε
1534 651 1903 725 τῆςΙΔαρείου

299 735 403 809 μὲν
429 734 688 814 γυναικὸς
719 735 1032 795 Μασίστεω
1069 737 1129 795 δὲ
1165 734 1455 815 θυγατρός·
1496 734 1707 812 οὕνομα
1732 737 1794 795 δὲ
1829 741 1902 816 τῇ

209 822 324 881 109
343 821 560 900 γυναικὶ
583 821 758 901 ταύτῃ
775 821 848 898 ἦν
870 822 1195 899 Ἀρταΰντη.
1264 821 1483 899 Χρόνου
1506 821 1569 880 δὲ
1592 817 1900 901 προϊόντος,

303 907 600 968 ἀνάπυστα
641 909 851 990 γίνεται
889 910 1076 988 τρόπῳ
1115 909 1322 988 τοιῷδε·
1372 907 1698 988 ἐξυφήνασα
1720 908 1903 987 Ἀμη-

304 1021 480 1072 στρις,
513 996 553 1072 ἦ
581 998 799 1073 Ξέρξεω
831 996 988 1077 γυνὴ,
1027 1001 1208 1074 φᾶρος
1241 997 1387 1076 μέγα
1422 1021 1484 1056 τε
1516 996 1607 1055 καὶ
1640 999 1901 1058 ποικίλον

306 1084 398 1142 καὶ
425 1084 554 1160 θέης
579 1083 749 1153 ἄξιον,
779 1083 922 1142 διδοῖ
945 1084 1147 1162 Ξέρξῃ·
1196 1083 1227 1144 ὅ
1255 1084 1314 1143 δὲ
1338 1082 1534 1158 ἡσθεὶς
1558 1085 1898 1160 περιβάλλε-

303 1171 403 1229 ταί
435 1195 498 1230 τε
524 1170 615 1228 καὶ
651 1171 868 1250 ἔρχεται
893 1171 1046 1247 παραῖ
1070 1170 1177 1246 τήν
1209 1169 1567 1248 Ἀρταΰντην·
1608 1171 1804 1247 ἡσθεὶς
1843 1173 1901 1232 δὲ

305 1257 398 1316 καὶ
421 1255 612 1336 ταύτῃ,
643 1258 902 1316 ἐκέλευσε
939 1256 1112 1332 αὐτὴν
1148 1261 1377 1333 αἰτῆσαι
1404 1256 1435 1317 ὅ
1470 1283 1525 1316 τι
1550 1258 1829 1333 βούλεταί
1848 1262 1900 1318 οἶ

302 1344 567 1425 γενέσθαι
607 1343 729 1405 ἀντὶ
760 1347 871 1404 τῶν
907 1343 1054 1423 αὐτῷ
1087 1333 1534 1426 ύπουργημένων·
1576 1344 1758 1406 πάντα
1790 1347 1900 1426 γοὶρ

303 1431 597 1501 τεύξεσθαι
623 1431 959 1506 αἰτήσασαν·
997 1431 1153 1510 τῇδὲ
1181 1437 1355 1494 κακῶς
1378 1430 1489 1512 γοὶρ
1510 1432 1622 1490 ἔδεε
1646 1433 1901 1511 πανοικίῃ

302 1519 581 1598 γενέσθαι,
605 1517 746 1595 πρὸς
769 1523 945 1578 ταῦτα
971 1517 1090 1578 εἶπε
1116 1519 1317 1597 Ξέρξῃ·
1351 1529 1387 1554 “
1405 1517 1599 1581 δώσεις
1624 1543 1723 1595 μοι
1746 1518 1812 1578 vd
1831 1517 1900 1580 ἅν

305 1629 376 1664 σε
401 1603 612 1679 αἰτήσω
631 1605 678 1672 ;”
710 1604 743 1662 ὁ
765 1605 824 1663 δὲ
843 1609 957 1666 πᾶν
975 1610 1205 1682 μᾶλλον
1230 1606 1430 1665 δοκέων
1456 1606 1638 1680 κείνην
1657 1608 1898 1680 αἰτῆσαι,

261 1712 282 1722 ·
302 1690 634 1768 ὑπισχνέετο
665 1692 756 1749 καὶ
785 1691 992 1769 ὤμοσε·
1033 1692 1072 1768 ἦ
1100 1693 1175 1762 δὲ,
1206 1692 1280 1756 ὥς
1304 1690 1508 1768 ὤμοσε,
1537 1690 1708 1754 ἀδεῶς
1732 1694 1900 1752 αἰτέει

301 1777 368 1837 τὰ
391 1782 588 1853 φᾶρος·
630 1777 843 1854 Ξέρξης
864 1779 924 1838 δὲ
943 1783 1204 1842 παντοῖος
1221 1781 1444 1858 ἐγίνετο,
1468 1776 1533 1837 οὗ
1551 1778 1900 1854 βουλόμενος

303 1865 512 1924 δοῦναι·
555 1865 671 1925 κατ’
709 1863 858 1924 ἄλλο
889 1867 994 1943 μὲν
1029 1864 1202 1934 οὐδὲν,
1241 1865 1595 1941 φοβεόμενος
1632 1866 1692 1924 δὲ
1720 1865 1897 1943 Ἀμη-

303 1977 480 2029 στριν,
516 1953 598 2028 μή
631 1953 722 2012 καὶ
757 1953 908 2028 πρὶν·
925 1951 1324 2029 κατεικαζούσῃ
1357 1951 1429 2008 τοὶ
1460 1951 1725 2030 γινόμενα
1758 1952 1903 2013 οὕτω

303 2041 572 2118 ἐπευρεθῇ
637 2037 930 2116 πρήσσων·
1012 2036 1169 2097 α’,λλοὶ
1224 2037 1391 2100 πόλις
1452 2062 1515 2096 τε
1578 2037 1757 2096 ἐδίδου
1810 2042 1901 2098 καὶ

300 2127 518 2207 χρυσᾶν
567 2125 828 2197 ἄπλετον,
877 2125 970 2185 καὶ
1022 2121 1269 2202 στρατὸν
1318 2127 1419 2186 τοῦ
1472 2124 1675 2201 ἔμελλε
1727 2125 1903 2190 οὐδεὶς

304 2215 490 2291 ἄρξειν
514 2212 646 2274 ἀλλ’
671 2212 708 2291 ἢ
745 2215 940 2290 ἐκείνη·
982 2211 1271 2290 Περσικόν
1307 2212 1368 2271 δὲ
1400 2210 1576 2289 κάρτα
1603 2210 1635 2272 ὁ
1662 2215 1901 2290 στρατός

305 2303 498 2380 δῶρον·
554 2301 686 2361 ἀλλ’
729 2300 793 2362 οὗ
829 2302 939 2382 γὰρ
981 2302 1181 2370 ἔπειθε,
1228 2301 1372 2360 διδοῖ
1408 2300 1475 2360 τό
1518 2304 1719 2377 φᾶρος·
1759 2301 1797 2378 ἦ
1842 2302 1901 2362 δὲ

303 2389 609 2468 περιχαρής
635 2392 808 2448 ἐοῦσα
843 2391 918 2466 τῷ
945 2387 1113 2466 δώρῳ,
1144 2387 1344 2464 ’ἐφόρεέ
1378 2411 1441 2446 τε
1473 2388 1565 2445 καὶ
1594 2385 1903 2468 ἠγάλλετο·

211 2477 326 2550 110
345 2477 438 2534 καὶ
483 2476 520 2551 ἦ
563 2475 880 2552 Ἄμηστρις
917 2473 1255 2534 πυνθάνεταί
1295 2499 1393 2550 μιν
1434 2475 1693 2552 ἔχουσαν.
1777 2481 1900 2534 Μα-

306 2563 490 2621 θοῦσα
525 2563 585 2621 δὲ
625 2563 692 2622 τό
727 2561 1067 2636 ποιεύμενον,
1102 2563 1175 2639 τῇ
1207 2564 1313 2637 μὲν
1344 2562 1562 2642 γυναικὶ
1594 2561 1767 2639 ταύτῃ
1802 2562 1902 2622 οὐκ

303 2646 421 2723 εἶχε
463 2649 708 2727 ἔγκοτον·
775 2647 813 2723 ἠ
859 2648 920 2706 δὲ
969 2648 1278 2718 ἐλπίζουσα
1331 2647 1438 2723 τήν
1476 2648 1691 2726 μητέρα
1732 2647 1901 2724 αὐτῆς

305 2730 443 2788 εἶναι
477 2733 656 2806 αἰτίην
687 2733 779 2791 καὶ
810 2738 987 2793 ταῦτα
1023 2734 1233 2808 ἐκείνην
1272 2732 1568 2810 πρήσσειν,
1600 2737 1673 2813 τῇ
1712 2736 1900 2796 Μασί-

303 2837 448 2872 στεω
488 2819 706 2893 γυναικὶ
747 2819 1015 2894 ἐβούλευε
1053 2819 1310 2896 ὄλεθρον·
1360 2821 1667 2895 φυλάξασα
1706 2821 1767 2880 δὲ
1802 2820 1904 2880 τόν

303 2895 475 2971 ἄνδρα
510 2899 610 2959 τὰν
641 2905 841 2977 ἑωυτῆς
877 2907 1093 2981 Ξέρξην
1126 2907 1441 2982 βασιλήϊον
1466 2907 1689 2968 δεῖπνον
1712 2933 1899 2985 προτι-

305 2979 552 3053 θέμενον·
592 2991 758 3048 τοῦτο
793 2989 854 3046 δὲ
883 2991 950 3070 τρ
991 2992 1212 3050 δεῖπνον
1246 2993 1726 3068 παρασκευάζεται
1750 2993 1905 3064 ἅπαξ

303 3066 404 3118 τοῦ
431 3069 694 3136 ἐνιαυτοῦ,
725 3075 782 3129 ἐν
801 3073 981 3150 ἡμέρῃ
1002 3080 1075 3150 τῇ
1104 3080 1321 3155 ἐγένετο
1340 3077 1637 3152 βασιλεύς·
1691 3079 1901 3158 οὕνομα

305 3143 363 3198 δὲ
397 3149 474 3218 τῷ
513 3148 712 3226 δείπνῳ
752 3157 927 3231 τούτῳ
972 3163 1256 3233 Περσιστὶ
1294 3166 1401 3236 μὲν
1442 3170 1716 3237 ΤΥΚΤΑ,
1759 3169 1905 3232 κατεί-
