2192 3409
303 107 369 155 92
917 104 1282 153 ‘HPOAOTOT
1770 104 1895 171 [Ἦ.

299 187 498 263 πειρᾶν
543 188 598 249 ἐς
642 182 748 260 τήν
794 182 1053 258 Μηδικὴν
1104 183 1395 257 ε’σβαλεῖν,
1442 184 1628 259 σφέας
1671 184 1730 243 δὲ
1772 185 1902 250 τούς

301 272 654 350 Σπαρτιήτας
689 270 932 331 κελεύειν
969 270 1031 339 ἐξ
1066 269 1321 345 Ἐφέσου
1360 270 1739 349 ὄρμεωμένους
1774 271 1901 331 α’να-

300 360 536 436 βαίνειν,
565 360 658 418 καὶ
691 360 879 418 ἔπειτα
915 362 970 421 ἒς
1004 356 1181 417 τῶυτὸ
1220 356 1493 416 ἀπαντᾶν.
1580 360 1904 435 Κλεομένεα

303 447 365 506 δὲ
406 448 658 527 λέγουσι,
700 444 946 521 ἡκόντων
987 448 1098 505 τῶν
1136 445 1389 507 Σκυθέων
1427 446 1518 503 ε’πὶ
1554 450 1745 516 ταῦτα,
1770 447 1905 524 ’ὅμι-

305 534 453 593 λέειν
493 541 606 609 σφι
645 532 898 609 μεζόνως,
929 532 1229 640 ὁμιλέοντα
1257 530 1317 589 δὲ
1341 534 1569 607 μᾶλλον
1594 537 1696 593 τοῦ
1734 538 1903 594 ἱκνευ·

301 621 473 696 μένου
498 622 698 697 μαθεῖν
722 618 826 695 τήν
852 618 1271 696 ἀκρητοποσίην
1297 617 1427 696 παρ’
1456 618 1651 680 αὐτῶν·
1694 626 1755 680 ἐκ
1781 647 1902 680 τοι·

302 734 404 768 του
451 708 511 767 δὲ
549 707 795 784 μανῆναί
833 732 932 783 μιν
978 706 1269 782 νομίζουσι
1314 708 1681 784 Σπαρτιῆται·
1736 711 1793 767 ἔκ
1840 734 1902 769 τε

303 794 494 869 τόσου,
527 795 597 859 ὥς
633 794 790 854 αὐτοὶ
826 794 1078 874 λέγουσι,
1113 794 1280 855 ε’πεὰν
1315 794 1617 872 ζωρότερον
1650 796 1899 871 βούλων-

309 908 402 942 ται
427 884 616 954 πιέειν,
640 893 676 918 “
693 880 1105 943 ἐπισκύθισον”
1133 882 1382 963 λέγουσι.
1456 881 1599 942 οὕτω
1622 882 1692 958 δή
1715 884 1901 959 Σπαρ-

307 976 491 1047 τιῆται
528 971 600 1031 τοὶ
639 971 766 1047 περὶ
795 970 1121 1046 Κλεομένεα
1153 971 1409 1051 λέγουσι.
1490 970 1616 1046 ἐμοὶ
1640 968 1700 1029 δὲ
1725 970 1901 1030 δοκέει

304 1059 456 1119 τίσιν
494 1058 700 1135 ταύτην
737 1057 770 1118 ό
815 1058 1141 1133 Κλεομένης
1182 1054 1501 1136 Δημαρήτῳ
1541 1057 1774 1118 ἐκτῖσαι.

209 1148 288 1205 85
390 1146 840 1223 Τελευτήσαντος
865 1144 926 1205 δὲ
953 1145 1321 1221 Κλεομένεος,
1350 1144 1421 1207 ὦς
1451 1144 1720 1205 ἐπύθοντο
1747 1150 1900 1227 Αἰγι-

305 1238 483 1310 νῆται,
537 1236 785 1313 ἔπεμπον
839 1237 894 1297 ἐς
936 1233 1203 1310 Σπάρτην
1248 1232 1523 1314 ἀγγέλους
1574 1234 1899 1308 καταβωσο-

303 1323 502 1397 μένους
539 1322 886 1400 Λευτυχίδεω
933 1322 1061 1398 περὶ
1105 1324 1215 1380 τῶν
1261 1324 1321 1379 ἐν
1360 1318 1635 1397 Ἀθήνῃσι
1680 1319 1901 1396 ὁμήρων

304 1411 600 1487 ἐχομένων.
682 1408 1109 1484 Λακεδαιμόνιοι
1154 1408 1214 1467 δὲ
1254 1405 1613 1484 δικαστήριον
1660 1432 1901 1488 συναγα-

303 1495 512 1575 γόντες,
554 1499 803 1579 ἔγνωσαν
843 1494 1249 1572 περιϋβρίσθαι
1274 1492 1574 1575 Αἰγινήτας
1614 1492 1723 1555 ὖπό
1763 1501 1901 1554 Λευ·-

305 1582 556 1661 τυχίδεω·
614 1582 710 1641 καί
756 1606 854 1658 μιν
911 1582 1233 1659 κατέκριναν
1290 1582 1512 1641 ἔκδοτον
1558 1579 1801 1663 ἄγεσθαι
1848 1587 1902 1646 ἐς

310 1670 544 1750 Αἴγιναν
598 1668 722 1729 ἀντὶ
774 1673 884 1729 τῶν
931 1674 990 1728 ἐν
1029 1668 1305 1748 Ἀθήνῃσι
1352 1670 1627 1749 ἐχομένων
1673 1668 1901 1747 ἀνδρῶν.

304 1757 630 1833 μελλόντων
671 1758 729 1816 δὲ
770 1755 924 1837 ἄγειν
966 1760 1076 1817 τῶν
1116 1758 1451 1838 Αἰγινητέων
1501 1757 1600 1816 τᾶν
1639 1758 1901 1836 Λευτυχί-

307 1844 423 1913 δεα,
453 1843 576 1903 εἶπέ
600 1851 711 1921 σφι
738 1844 1014 1921 Θεασίδης
1040 1843 1072 1905 ό
1101 1846 1478 1921 Λεωπρέπεος,
1506 1844 1611 1904 ε’ὢν
1636 1849 1693 1903 ἐν
1714 1844 1902 1922 Σπάρ-

309 1958 380 2011 τῃ
407 1930 631 2009 δόκιμος
655 1930 814 2009 ἀνήρ·
857 1943 893 1968 “
907 1958 963 1992 τι
951 1932 1277 2008 ’βούλεσθε
1316 1933 1539 2002 ποιέειν,
1577 1931 1767 2009 ανδρες
1807 1936 1902 1991 Αἰ-

305 2023 545 2099 γινῆται,
571 2045 670 2079 τον
704 2020 958 2095 βασιλέα
997 2045 1107 2080 των
1134 2020 1521 2098 Σπαρτιητέων
1552 2020 1775 2079 ἔκδοτον
1812 2044 1901 2101 γε-

310 2107 542 2184 νόμενον
597 2106 705 2167 υπὸ
760 2133 870 2168 των
926 2110 1237 2184 πολιητέων
1290 2106 1477 2188 αγειν
1456 2152 1477 2177 ,
1536 2110 1585 2167 εἶ
1624 2110 1721 2166 νῦν
1760 2105 1903 2187 ὀργῇ

307 2220 625 2274 χρεωμενοι
652 2196 899 2276 ἔγνωσαν
925 2194 1067 2256 οὕτω
1094 2193 1519 2273 Σπαρτιῆται,”
1486 2220 1638 2257 οκως
1650 2192 1777 2263 ἔξ“
1744 2195 1903 2253 υστέ-

304 2309 407 2360 ρης
451 2282 534 2361 μή
574 2308 631 2344 τι
671 2282 816 2361 ὑμῖν,
860 2282 931 2360 ἦν
970 2286 1149 2344 ταῦτα
1188 2282 1503 2359 πρήσσητε,
1544 2280 1904 2357 πανώλεθρον

308 2370 478 2431 κακὸν
519 2376 574 2435 ἐς
613 2397 717 2448 την
755 2397 942 2450 χωρην
983 2368 1333 2446 ἐσβάλωσιῗ
1414 2373 1589 2430 ταῦτα
1629 2367 1903 2429 ἀκούσαν-

307 2485 397 2522 τες
424 2462 477 2517 οἱ
504 2460 852 2541 Αιγινῆται”
823 2484 1062 2537 εσχοντο
1108 2462 1203 2533 τῆς
1245 2456 1483 2537 ἀγωγῆς·
1526 2456 1802 2535 ομολογίῃ
1845 2455 1904 2512 δὲ

309 2546 624 2623 ἐχρήσαντο
649 2546 850 2623 τοιῇδε,
881 2545 1259 2623 ἐπισπόμενον
1284 2544 1622 2623 Λευτυχίδεα
1656 2547 1712 2605 ἐς
1736 2540 1902 2616 Ἀθή-

213 2635 290 2691 86
309 2658 420 2701 νας,
449 2632 753 2693 ἀποδοῦναι
769 2632 1105 2713 Αἰγινήτῃσι
1128 2632 1256 2697 τούς
1281 2630 1506 2709 ἄνδρας.
1571 2628 1669 2694 Ὡς
1694 2628 1814 2688 δὲ’
1778 2654 1901 2689 απι-

307 2718 540 2795 κόμενος
563 2720 902 2799 Λευτυχίδης
929 2725 984 2782 ἔς
1006 2720 1107 2783 τοὶς
1130 2719 1373 2795 Ἀθήνας
1398 2717 1629 2779 ἀπαίτεε
1660 2715 1765 2793 τὴν
1802 2741 1903 2774 πα-

305 2804 574 2884 ραθήκην,
603 2810 657 2866 οἱ
694 2806 982 2883 Ἀθηναῖοι
1021 2808 1348 2884 προφάσιας
1384 2805 1573 2873 εἷλκον
1605 2802 1671 2866 οὗ
1696 2802 1905 2881 βουλό-

305 2920 465 2971 μενοι
497 2893 818 2962 ἀποδοῦναι,
845 2895 1048 2969 φάντες
1075 2896 1174 2953 δύο
1200 2894 1385 2969 σφέας
1411 2893 1599 2957 ε’όντας
1624 2892 1907 2968 βασιλέας

307 2980 680 3057 παραθέσθαι,
733 2981 826 3037 καὶ
871 2978 936 3038 οὗ
985 2980 1228 3038 δικαιοῦν
1280 2983 1357 3057 τῷ
1410 2981 1573 3057 ἑτέρῳ
1624 2978 1755 3055 ἀνευ
1806 2981 1907 3036 τοῦ

311 3068 498 3142 ἑτέρου
535 3064 874 3125 ἀποδιδόναι.
959 3065 1022 3125 οὗ
1065 3067 1327 3139 φαμένων
1367 3064 1427 3123 δὲ
1458 3063 1771 3124 ἀποδώσειν
1798 3067 1907 3121 τῶν

307 3148 632 3225 Ἀθηναίων,
677 3150 834 3217 ἔλεξέ
874 3158 987 3225 σφι
1029 3150 1367 3227 Λευτυχίδης
1407 3150 1557 3209 τάδε·
1581 3160 1639 3232 ·“
1656 3150 1697 3207 ὦ
1740 3149 1904 3222 Ἀθη-

311 3238 472 3301 ναῖοι,
499 3235 714 3293 ποιέετε
740 3237 842 3309 μὲν
869 3236 1104 3310 ὁκότερα
1128 3235 1417 3310 βούλεσθε
1458 3235 1636 3294 αὐτοί·
1680 3234 1773 3295 καὶ
1798 3233 1908 3319 γάρ
