2192 3409
289 96 514 158 77-81]
913 94 1325 145 ΤΕΡΨῙΧΟΡΗ.
1821 92 1900 143 '3'5

289 178 516 251 μοῦνον,
543 171 702 233 ἄλλα
725 178 1002 253 πανταχῇ,
1041 174 1079 250 ἦ
1122 174 1383 255 ἰσηγορίη
1419 172 1491 236 ὥς
1528 173 1651 233 ἔστι
1694 174 1890 252 χρῆμα

291 263 619 321 σπουδαῖον·
663 267 710 321 εἰ
737 264 828 321 καὶ
852 262 1143 336 Ἀθηναῖοι
1178 260 1631 339 τυραννευόμενοι
1658 264 1763 336 μὲν
1800 262 1886 321 οὗ·

290 349 480 426 δαμῶν
520 354 633 411 τῶν
675 352 860 426 σφέας
901 350 1319 427 περιοικεόντων
1354 348 1504 425 ἦσαν
1544 349 1615 408 ταῖ
1646 350 1893 425 πολέμια

291 438 563 513 ἀμείνους,
592 438 1053 518 ἀπαλλαχθέντες
1079 439 1139 497 δὲ
1164 438 1439 515 τυράννων
1464 432 1892 515 μακρῷπρῶτοι

293 527 566 605 ἐγένοντο.
649 526 816 602 δηλοῖ
868 526 943 586 ὧν
995 530 1187 595 ταῦτα,
1244 524 1331 585 ὅτι
1385 524 1744 603 κατεχόμενοι
1786 529 1890 601 μὲν

293 614 658 676 ἐθελοκάκεον
695 614 765 677 ὥς
803 614 1053 692 δεσπότῃ
1082 614 1456 695 ἐργαζόμενοι,
1508 614 1895 690 ἐλευθερωθέν-

291 728 400 760 των
437 703 495 761 δὲ
532 702 698 765 αὐτὸς
727 702 961 766 ἕκαστος
989 707 1167 781 ἑωυτῷ
1192 702 1541 781 προθυμέετο
1572 701 1893 782 κατεργάζε-
1970 732 1975 741 ·

293 790 446 848 σθαι.
535 788 688 871 οὗτοι
725 790 832 865 μέν
871 816 968 850 νυν
1005 794 1183 849 ταῦτα
1224 791 1533 867 ἔπρησσον.

375 879 624 954 Θηβαῖοι
661 877 720 936 δὲ
755 878 898 954 μετὰ
931 882 1109 938 ταῦτα
1146 882 1200 941 ἐς
1234 878 1361 937 θεὰν
1388 880 1652 954 ἔπεμπον,
1680 875 1887 953 βουλό·
1913 876 1985 937 79

293 990 452 1040 μενοι
477 966 750 1025 τίσασθαι
775 966 1123 1043 Ἀθηναίους.
1186 965 1223 1041 ἦ
1250 965 1309 1024 δὲ
1337 966 1527 1041 Πυθίη
1556 964 1667 1024 ἀπὸ
1697 966 1890 1039 σφέων

292 1054 398 1136 μὲν
425 1053 603 1113 αὐτῶν
629 1052 729 1112 οὐκ
752 1056 860 1130 ἔφη
879 1053 1105 1114 αὐτοῖσι
1125 1054 1264 1114 εἶναι
1287 1055 1455 1122 τίσιν,
1477 1058 1530 1115 ἐς
1558 1058 1908 1111 ΠΟΛΥΦΗ-

295 1146 476 1198 ΜΟΝ
529 1141 590 1199 δὲ
645 1142 1012 1210 ἐξενείκαντας
1064 1143 1284 1202 ἐκέλευε
1334 1147 1492 1200 ΤΩΝ
1544 1140 1893 1203 ἈΓΧΙΣΤΑ

297 1230 654 1292 ΔΕΕΣΘΑΙ.
735 1228 1092 1292 ἀπελθόντων
1134 1228 1207 1290 ὧν
1247 1226 1355 1289 τῶν
1398 1228 1739 1306 θεοπρόπων,
1781 1229 1890 1296 ἐξέ-

299 1321 476 1394 φερον
511 1317 576 1377 τὸ
611 1318 959 1397 χρηστήριον
995 1318 1163 1394 ἁλίην
1196 1317 1589 1394 ποιησάμενοι·
1632 1315 1703 1378 ὦς
1738 1321 1895 1374 ἐπυν-

297 1404 530 1465 θανοντο
558 1406 617 1464 δὲ
643 1405 922 1488 λεγόντων
959 1405 1137 1465 αυτῶν
1177 1411 1335 1465 ΤΩΝ
1370 1404 1722 1467 ἈΓΧῙΣΤΑ
1767 1410 1893 1462 ΔΕ-

297 1494 545 1562 ΕΣΘΑῙ,
577 1494 738 1553 εἶπαν
765 1497 818 1552 οἱ
839 1492 1147 1603 Θηβαῖρι’
1112 1490 1449 1556 ακούσαντες
1474 1488 1699 1552 τούτων·
1743 1502 1779 1527 “
1795 1491 1894 1551 οὐκ

297 1579 373 1639 ὦν
412 1606 661 1660 αγχιστα
697 1580 882 1656 ἡμέων
923 1582 1171 1640 οἰκέουσι
1197 1581 1540 1661 Ταναγραῖοί
1566 1606 1629 1640 τε
1657 1582 1749 1639 καὶ
1779 1587 1892 1639 Ko-

269 1672 521 1743 ’ρωναῖοι
563 1669 656 1726 καὶ
696 1670 982 1738 Θεσπιέες,
1017 1670 1111 1727 καὶ
1154 1668 1313 1728 οὗτοί
1348 1694 1415 1749 γε
1458 1668 1575 1746 ἅμα
1617 1668 1754 1745 ἡμῖν
1790 1669 1895 1726 αἰεὶ

295 1755 624 1834 μαχόμενοι,
661 1756 959 1834 προθύμως
1001 1757 1444 1834 συνδιαφέρουσι
1480 1756 1578 1817 τὸν
1610 1757 1892 1832 πόλεμον;

295 1843 358 1900 τί
379 1843 464 1901 δεῖ
485 1844 694 1904 τούτων
718 1871 786 1926 γε
813 1844 1040 1904 δέεσθαι
1047 1870 1064 1915 ;
1093 1844 1249 1903 ἀλλὰ
1272 1849 1501 1921 μᾶλλον
1525 1845 1607 1921 μὴ
1636 1844 1699 1904 οὗ
1726 1848 1893 1903 τοῦτο

295 1928 334 2007 ᾖ
359 1930 423 1989 τό
450 1929 850 2010 χρηστήριον.”
932 1936 1179 1991 Τοιαῦτα
1218 1932 1287 2009 δή
1323 1933 1743 2012 ἐπιλεγομένων,
1777 1932 1895 1990 εἶπε
1913 1934 1988 1989 80

295 2017 366 2093 δή
409 2046 536 2079 κοτε
575 2020 773 2095 μαθών
814 2046 915 2084 τις·
961 2030 996 2055 “
1014 2019 1143 2102 ἐγώ.
1166 2046 1266 2097 μοι
1312 2021 1481 2080 δοκέω
1530 2021 1777 2081 συνιέναι
1823 2019 1888 2078 τὸ

297 2108 476 2165 ἐθέλει
507 2108 693 2188 λέγειν
727 2108 864 2184 ἡμῖν
889 2108 956 2167 τό
983 2109 1273 2186 μαντήϊον.
1336 2108 1600 2181 Ἀσωποῦ
1633 2112 1895 2189 λέγονται

265 2196 560 2272 ’γενέσθαι
603 2196 900 2275 θυγατέρες
943 2196 1115 2273 Θήβη
1158 2223 1220 2255 τε
1266 2197 1357 2255 καὶ
1394 2198 1614 2277 Αἴγινα·
1662 2195 1897 2253 τουτέων

295 2280 588 2357 ἀδελφεῶν
629 2283 884 2351 ἐουσέων,
923 2283 1092 2342 δοκέω
1126 2283 1262 2360 ημῖν
1297 2282 1634 2364 Αἰγινητέων
1668 2282 1895 2341 δέεσθαι

293 2368 393 2427 τᾶν
420 2368 548 2429 θεὸν
573 2373 788 2448 χρῆσαι
813 2370 1203 2447 τιμωρητήρων
1229 2368 1544 2451 γενέσθαιΡ
1573 2370 1665 2427 καὶ
1694 2369 1758 2427 οὗ
1785 2368 1895 2448 γάρ

291 2482 378 2519 τις
399 2456 606 2532 ταύτης
631 2457 866 2534 ἀμείνων
891 2484 1084 2538 γνωμη
1114 2457 1298 2518 ἐδόκεε
1340 2458 1660 2533 φαινεσθαι,
1692 2456 1889 2516 αὐτίκα

293 2544 615 2623 πέμψαντες
647 2545 868 2606 ἐδέοντο
897 2546 1250 2628 Αἰγινητέων,
1292 2545 1711 2622 ἐπικαλεόμενοι
1750 2543 1890 2603 κατὰ

292 2632 359 2692 ra
385 2633 735 2712 χρηστήριόν
761 2640 876 2709 σφι
905 2634 1187 2709 βοηθέειν,
1219 2634 1289 2697 ὥς
1327 2634 1524 2695 ἐόντων
1558 2632 1889 2716 ἀγχιστέων·

294 2723 350 2779 οἱ
393 2721 453 2781 δέ
497 2727 610 2796 σφι
641 2722 890 2783 αἰτέουσι
931 2724 1251 2799 ἐπικουρίην
1286 2722 1414 2785 τούς
1454 2724 1719 2785 Αἰακίδας
1738 2746 1895 2797 -συμ-

293 2810 536 2885 πέμπειν
563 2812 806 2885 ἔφασαν.
891 2808 1333 2887 Πειρησαμένων
1359 2808 1417 2867 δὲ
1442 2808 1578 2889 [τῶν
1604 2807 1893 2887 Θηβαίων]
1915 2808 1987 2864 81

295 2894 436 2955 κατᾶ
483 2895 588 2971 τήν
636 2896 964 2975 συμμαχίην
1004 2902 1117 2955 τῶν
1163 2894 1465 2954 Αἰακιδέων
1508 2896 1599 2953 καὶ
1646 2893 1893 2971 τρηχέως

293 2984 704 3059 περιεφθέντων
731 2983 842 3043 fin&
870 2988 978 3044 τόν
1004 2983 1327 3058 Ἀθηναίων,
1351 2980 1506 3043 αὖτις
1527 2980 1607 3061 [οἱ
1624 2978 1896 3059 Θηβαῖοι]

293 3070 628 3148 πέμψαντες,
659 3072 786 3135 τούς
825 3074 928 3148 μὲν
963 3070 1229 3131 Αἰακίδας
1270 3075 1383 3143 σφι
1424 3067 1763 3126 ἀπεδίδοσαν
1788 3070 1899 3125 τῶν

293 3158 353 3217 δὲ
378 3158 595 3236 ἀνδρῶν
623 3159 858 3219 ἐδέοντο·
903 3162 1195 3238 Αἰγινῆται
1236 3156 1312 3224 δὲ,
1342 3155 1657 3233 εὖδαιμονίῃ
1696 3180 1761 3213 τε
1801 3178 1897 3230 με·

294 3245 446 3326 γάλῃ
487 3246 834 3325 ἐπαρθέντες,
865 3247 958 3304 καὶ
994 3245 1199 3323 ἔχθρης
1238 3246 1485 3317 παλαιῆς
1514 3238 1897 3319 ἀναμνησθέν-
