2192 3409
307 62 460 131 1-6]
1010 63 1237 113 EPA'm.
1842 66 1904 113 59

306 142 695 219 ἐβουλεύσατο
719 143 976 207 Φοίνικας
1000 147 1105 221 μὲν
1133 142 1521 221 ἐξαναστήσας
1546 148 1607 205 ἐν
1630 147 1701 224 τῇ
1725 143 1907 224 Ἰωνίῃ

308 231 641 303 κατοικίσαι,
658 231 853 296 Ἴωνας
879 233 938 291 δὲ
971 237 1028 291 ἐν
1051 236 1126 311 τῇ
1152 232 1398 311 Φοινίκῃ·
1439 233 1533 292 καὶ
1562 232 1771 294 τούτων
1798 233 1903 293 εἴν-

308 345 408 379 εκα
450 320 804 380 ἐπιστείλειε·
859 318 1020 379 οὐδέν
1058 345 1115 379 τι
1156 317 1373 383 πάντως
1410 324 1587 381 ταῦτα
1626 320 1905 397 βασιλέος

306 407 790 485 βουλευσαμένου.
875 406 1161 485 ἐδειμάτου
1199 406 1329 475 τούς
1358 405 1571 471 Ἴωνας.

392 496 558 557 Μετοὶ
597 498 672 567 δὲ,
703 496 736 556 ὁ
759 496 1026 561 Ἱστιαῖος
1053 496 1121 555 δι’
1147 495 1395 577 α’γγέλου
1434 494 1755 571 ποιεύμενος
1782 494 1908 573 Ἑρ·
1936 497 1975 555 4

309 584 546 661 μίππου,
575 584 774 662 αἶνδρὸς
798 584 1173 661 Ἀταρνείτεω,
1200 586 1353 643 τοῖσι
1394 588 1453 644 ἐν
1480 583 1719 661 Σάρδισι
1752 586 1910 643 ἐοῦσι

311 673 578 749 Περσέων
620 672 834 750 ἔπεμπε
872 672 1117 749 βυβλία,
1162 670 1235 734 οἷς
1276 670 1911 750 προλελεσχηνευμένων

311 758 458 839 αὐτῷ
491 752 845 831 ἀποστάσιος
879 760 1022 837 πέρι.
1109 758 1141 819 ὅ
1179 759 1238 818 δὲ
1258 758 1581 837 Ἕρμιππος
1612 758 1753 835 πρός
1780 757 1911 822 τοῦς

311 849 416 923 μὲν
457 847 802 925 ἀπεπέμφθη
844 846 910 907 οὗ
953 846 1111 917 διδοῖ,
1160 847 1345 924 φέρων
1388 848 1447 906 δὲ
1494 847 1794 925 ἐνεχείρισε
1839 847 1911 906 τοὶ

311 936 538 1011 βυβλία
571 935 958 1045 ΪΑρταφέρνεῖ·
999 934 1032 995 ὁ
1075 934 1136 993 δὲ
1174 934 1371 1012 -μαθῶν
1412 933 1561 995 ἅπαν
1599 933 1667 995 vd
1708 935 1925 1015 γινόμε-

314 1046 426 1092 νον,
454 1024 672 1092 ἐκέλευε
706 1049 806 1084 τον
834 1022 1163 1101 Ἕρμιππον
1193 1050 1268 1083 τα
1301 1024 1405 1100 μὲν
1430 1022 1586 1100 παραὶ
1608 1027 1713 1083 τοῦ
1738 1022 1908 1081 Ἱστι-

314 1108 440 1167 αίου
482 1110 670 1169 δοῦναι
709 1110 956 1187 φέροντα
994 1110 1155 1171 τοῖσί
1185 1136 1291 1216 περ
1326 1111 1507 1187 ἔφερε,
1541 1136 1613 1169 τα
1652 1110 1711 1169 δὲ
1750 1109 1907 1186 οἶμοι-

313 1196 460 1271 βαΐα
482 1196 554 1255 τοὶ
577 1222 732 1275 παρα
755 1202 866 1259 τῶν
892 1198 1159 1277 Περσέων
1186 1197 1640 1274 ἀντιπεμπόμενα
1664 1196 1909 1276 Ἱστιαίω

316 1286 492 1364 ἑωυτῷ
527 1284 732 1345 δοῦναι.
812 1284 1019 1347 τούτων
1046 1286 1105 1345 δὲ
1136 1285 1443 1366 γενομένων
1476 1288 1747 1362 φανερῶν,
1776 1283 1907 1343 οἷπέ-

315 1397 488 1432 κτεινε
535 1375 770 1435 ἐνθαῦτα
815 1374 1068 1437 πολλοῦς
1110 1373 1379 1451 Περσέων
1425 1372 1457 1433 ό
1502 1372 1905 1450 Ἀρταφέρνης.

313 1460 442 1537 περὶ
481 1460 681 1537 Σάρδις
718 1462 822 1537 μὲν
862 1460 930 1537 δη
971 1462 1183 1541 ἐγίνετο
1222 1459 1599 1539 ταραχή..

393 1546 659 1607 Ἱστιαῖον
683 1548 744 1607 δὲ
763 1546 968 1625 ταύτης
985 1547 1399 1627 ἀποσφαλέντα
1417 1552 1517 1623 τῆς
1536 1548 1762 1619 ἐλπίδος
1778 1551 1911 1608 Χῖοι
1938 1550 1977 1607 5

317 1638 561 1715 κατῆγον
586 1640 641 1699 ἐς
665 1635 944 1712 Μίλητον,
971 1635 1142 1697 αὐτοῦ
1166 1636 1435 1695 Ἱστιαίου
1466 1636 1772 1712 δεηθέντος.
1854 1662 1909 1695 οι

315 1723 376 1782 δὲ
401 1722 744 1800 Μιλήσιοι”
705 1750 942 1803 ασμενοι
971 1724 1431 1805 ἀπαλλαχθέντες
1458 1725 1551 1785 καὶ
1574 1724 1908 1805 Ἀρισταγό-

312 1836 436 1888 ρεω,
464 1809 714 1889 οὐδαμῶς
750 1811 1028 1891 πρόθυμοι
1068 1812 1221 1887 ἦσαν
1258 1810 1439 1873 ἄλλον
1470 1810 1737 1889 τύραννον
1763 1812 1907 1871 δέκε-

314 1899 451 1958 σθαι
493 1904 548 1963 ἐς
587 1901 692 1977 τήν
725 1900 928 1981 χώρην,
964 1899 1055 1961 οἷά
1093 1926 1157 1960 τε
1200 1901 1511 1977 ἐλευθερίης
1550 1898 1907 1981 γευσάμενοι.

314 1987 408 2046 καὶ
448 1988 534 2065 δή,
577 1989 772 2053 νυκτὸς
810 1988 923 2070 γοὶρ
964 1988 1166 2065 ἐούσης
1199 1990 1305 2068 βίῃ
1344 1992 1601 2065 ἐπειρᾶτο
1637 1988 1837 2049 κατιών
1876 1988 1909 2047 ὁ

311 2073 577 2141 Ἱστιαῖος
621 2082 678 2140 ἐς
717 2076 820 2153 τὴν
859 2077 1139 2153 Μίλητον,
1178 2075 1542 2153 τιτρώσκεται
1586 2076 1687 2137 τὸν
1728 2074 1911 2185 μηρὸν

311 2162 422 2225 ὑπό
450 2189 546 2223 τευ
583 2168 694 2225 τῶν
720 2165 1042 2241 Μιλησίων.
1125 2164 1157 2224 ὁ
1192 2190 1296 2241 μεν
1321 2164 1389 2240 δὴ
1417 2190 1488 2229 ως
1512 2162 1775 2227 α’,πωστός
1809 2168 1911 2239 τῆς

312 2254 515 2311 ἑωυτοῦ
533 2252 759 2331 γίνεται,
785 2250 1099 2311 ἀπικνέεται
1126 2250 1311 2313 ὀπίσω
1336 2257 1391 2315 ἐς
1414 2251 1518 2327 τήν
1539 2253 1699 2311 Χίον·
1728 2252 1905 2311 ἐνθεῦ-
1986 2324 1991 2331 Ι

309 2362 406 2398 τεν
439 2338 514 2408 δὲ,
544 2364 608 2397 ου
647 2339 756 2419 γὰρ
795 2340 978 2399 ἔπειθε
1017 2366 1147 2403 τους
1179 2341 1361 2403 Χίους
1392 2339 1539 2399 ὥστε
1576 2340 1754 2415 ἑωυτῷ
1788 2337 1910 2396 δοῦ-

310 2450 402 2485 ναι
441 2426 583 2495 νέας,
610 2426 775 2502 διέβη
819 2430 877 2491 ἐς-
913 2426 1243 2503 Μυτιλήνην
1284 2427 1377 2487 καὶ
1412 2428 1598 2486 ἔπεισε
1624 2424 1912 2500 Λεσβίους

311 2512 507 2573 δοῦναί
541 2516 596 2573 οἱ
636 2514 778 2582 νέας,
862 2515 1000 2575 οἶδὲ
1031 2514 1433 2592 πληρώσαντες
1472 2511 1625 2586 ὀκτιιιῖι
1655 2510 1912 2589 τριήρεας

311 2601 530 2671 ἔπλεον.
551 2598 672 2677 ἅμα
695 2600 940 2681 Ἱστιαίῳ
979 2607 1034 2665 ἐς
1075 2602 1399 2673 Βυζάντιον·
1442 2602 1681 2663 ἐνθαῦτα
1711 2599 1771 2659 δὲ
1802 2602 1819 2623 ‘
1853 2600 1906 2660 ό-

308 2714 484 2763 μενοι,
529 2687 630 2753 τοὶς
649 2682 660 2741 ¹·
675 2693 737 2749 ἐκ
781 2692 880 2749 τοῦ
931 2689 1154 2750 Πόντου
1203 2690 1567 2754 ἐκπλωοῦσας
1617 2693 1727 2750 τῶν
1778 2692 1915 2749 νεῶν

311 2775 658 2855 ἐλάμβανον,
703 2776 858 2851 πλὴν
903 2776 940 2853 ἢ
989 2778 1119 2837 ὅσοι
1173 2777 1355 2839 αὐτῶν
1399 2777 1645 2855 Ἱστιαίῳ
1692 2776 1914 2852 ἔφασαν

233 2902 240 2907 -
311 2867 526 2940 ἑτοῖμοι
568 2865 709 2926 εἶναι
749 2866 1064 2926 πείθεσθαι.

389 2949 656 3015 Ἱστιαῖος
680 2954 784 3029 μέν
811 2978 906 3012 νυν
935 2953 1028 3013 καὶ
1055 2953 1441 3026 Μυτιληναῖοι
1482 2949 1697 3009 ἐποίευν
1722 2951 1915 3007 ταῦτα·
1948 2950 1983 3007 6

311 3037 404 3097 ἐπὶ
431 3038 490 3097 δὲ
517 3040 780 3116 Μίλητον
808 3038 982 3116 αὐτὴν
1008 3038 1260 3100 ναυτικὸς
1287 3035 1507 3100 πολλ’ὂς
1533 3037 1626 3095 καὶ
1651 3034 1817 3107 πςζὸς
1842 3054 1913 3111 ην

312 3150 554 3203 στρατος
581 3128 982 3205 προσδόκιμος.
1065 3125 1485 3234 συστραφέντες
1517 3116 1627 3205 γάρ
1652 3126 1708 3182 οἶ
1734 3138 1907 3201 στρα-

311 3214 476 3293 τηγοὶ
516 3218 628 3275 τῶν
659 3216 944 3293 Περσέων,
987 3216 1078 3275 καὶ
1124 3214 1183 3275 ἓν
1224 3211 1559 3290 ποιήσαντες
1602 3211 1911 3289 στρατόπε-
