2192 3409
273 108 488 173 14-16]
891 106 1263 159 noArMNrA.
1794 114 1885 162 129

273 186 376 261 τὴν
405 185 546 262 ἐμήν
580 184 787 262 σκευήν
819 190 1031 256 πᾶσαν,
1059 186 1155 245 καὶ
1186 185 1341 251 ε’νδῦς
1376 186 1519 265 μετσὶ
1545 191 1713 249 τοῦτο
1742 189 1883 261 ἵζοιο

274 272 331 337 ἔς
377 274 478 334 τὸν
521 273 654 349 ε’μόν
699 272 913 350 θρόνον,
958 274 1052 333 καὶ
1098 275 1287 333 ἔπειτα
1334 280 1393 335 ἐν
1441 276 1597 355 κοίτῃ
1650 280 1723 355 τῇ
1776 282 1885 355 ε’μῇ

274 360 736 424 κατυπνώσειας.”
809 361 1022 438 Ξέρξης
1045 363 1150 439 μὲν
1184 362 1362 421 ταῦτά
1389 366 1443 422 οἱ
1470 365 1645 444 ἔλεγε·
1686 363 1884 442 Ἀρτα-

272 451 450 525 βανος
475 450 534 509 δὲ
562 448 626 509 οὔ
651 453 730 528 τῷ
755 448 954 527 πρώτῳ
982 452 1036 509 οἱ
1065 448 1407 526 κελεύσματι
1434 449 1762 528 πειθόμενος
1790 453 1883 512 οἷα

274 536 375 596 οὐκ
427 536 746 615 ἀξιεύμενος
790 541 846 599 ἐς
885 537 985 597 τὸν
1030 536 1347 615 βασιλήῖον
1391 538 1591 615 θρόνον
1647 539 1884 611 ἵζεσθαι,

271 625 437 687 τέλος
462 624 533 689 ὦς
557 623 918 705 ἠναγκάζετο,
948 626 1109 689 εἴπας
1132 624 1265 684 τάδε
1292 626 1473 685 ε’ποίεε
1498 624 1565 686 τὸ
1594 627 1885 704 κελευόμε-

275 738 388 771 νον·
471 724 506 747 “
524 712 654 774 ἴσον
686 715 878 783 ἐκεῖνο,
909 710 952 771 ὦ
986 715 1258 789 βασιλεῦ,
1294 712 1426 790 παρ’
1464 713 1589 791 ἐμοὶ
1626 716 1886 793 κέκριται,

219 860 224 863 .
278 803 533 875 φρονέειν
567 826 628 860 τε
667 798 726 859 εὖ
765 800 858 859 καὶ
892 804 970 879 τῷ
1005 801 1233 880 λέγοντι
1266 801 1495 879 χρηστοὶ
1530 802 1745 863 ἐθέλειν
1770 804 1887 863 πεί-

276 888 495 949 θεσθαι·
537 887 610 949 τοὶ
639 890 710 947 σὲ
738 887 830 947 καὶ
856 886 1157 964 ἀμφότερα
1190 888 1544 965 περιήκοντα,
1580 888 1886 968 ἀνθρώπων

275 980 457 1035 κακῶν
499 975 718 1051 ὁμιλίαι
765 974 1127 1051 σφάλλουσι·
1177 976 1321 1036 κατά
1361 1002 1467 1053 περ
1508 975 1615 1052 τήν
1665 976 1888 1038 πάντων

270 1062 705 1173 χρησιμωτάτην
726 1062 1072 1140 ἅνθρωποισι
1094 1062 1397 1123 θάλασσαν
1422 1063 1709 1142 πνεύματα
1736 1071 1887 1140 φασι

274 1148 490 1227 ἀνέμων
533 1151 892 1226 ἐμπίπτοντα,
938 1178 1002 1211 ου
1043 1156 1310 1229 περιορᾶν
1353 1151 1529 1227 φύσει
1568 1156 1642 1231 τῇ
1686 1155 1887 1229 ἑωυτῆς

272 1239 544 1315 χρῆσθαι.
628 1240 724 1315 ε’μὲ
773 1238 832 1297 δὲ
874 1236 1195 1299 ἀκουσαντα
1240 1239 1381 1317 πρὸς
1426 1242 1532 1299 σεῦ
1587 1243 1767 1303 κακῶς
1820 1266 1887 1299 ου

275 1329 519 1385 τοσοῦτο
574 1326 732 1385 ἔδακε
785 1325 958 1403 λύπη,
1012 1326 1170 1397 ὅσον,
1224 1328 1485 1408 γνωμέων
1530 1326 1629 1387 δύο
1667 1352 1885 1404 προκει-

273 1414 479 1490 μενέων
505 1414 970 1493 Πέρσῃο-ι,-τῆς
995 1414 1099 1489 μὲν
1124 1413 1292 1491 ὕβριν
1317 1414 1664 1491 αὐξανούσης
1687 1418 1790 1491 τῆς
1814 1415 1875 1475 δὲ

274 1501 720 1579 καταπαυούσης,
750 1502 842 1559 καὶ
869 1499 1153 1580 λεγούσης
1180 1500 1249 1565 ὥς
1286 1502 1457 1563 κακὰν
1484 1503 1569 1579 εἴη
1597 1502 1879 1563 διδάσκειν

279 1589 384 1664 τὴν
411 1589 598 1667 ψυχὴν
623 1590 802 1648 πλέον
827 1614 884 1647 τι
912 1588 1173 1664 δίζησθαι
1209 1591 1317 1649 αἰεὶ
1351 1592 1500 1669 ἔχειν
1528 1594 1628 1651 τοῦ
1655 1591 1887 1669 παρεόν-

273 1676 759 1745 τος,--τοιουτέων
778 1676 1181 1755 προκειμενέων
1205 1678 1481 1758 γνωμέων,
1504 1677 1591 1738 ὅτι
1608 1678 1712 1755 τήν
1731 1684 1885 1753 σφα-

275 1765 586 1841 λερωτέρην
619 1767 842 1842 σεωυτῷ
878 1788 940 1822 τε
967 1764 1060 1822 καὶ
1087 1763 1356 1843 Πέρσῃσι
1386 1764 1627 1844 οἷναίρεο·
1669 1769 1767 1826 νῦν
1794 1765 1884 1837 ὧν,

277 1851 466 1927 ἐπειδὴ
506 1851 778 1931 τέτραψαι
822 1850 915 1910 ε’πὶ
947 1852 1052 1927 τήν
1093 1850 1316 1928 οἷμείνω,
1359 1852 1471 1932 φῄς
1509 1879 1599 1913 τοι
1638 1853 1881 1930 μετιέντι

273 1940 374 2000 τὸν
418 1940 502 1999 ἐπ’
539 1940 828 2016 Ἕλληνας
873 1938 1090 2001 στόλον
1138 1944 1437 2017 ἐπιφοιτᾶν
1483 1940 1695 2019 ὄνειρον
1751 1942 1883 2001 θεοῦ

273 2053 432 2092 τινος
459 2033 676 2107 πομπῇ,
705 2027 806 2088 οὐκ
848 2025 1023 2089 ἐῶντά
1063 2053 1133 2086 σε
1175 2027 1474 2089 καταλύειν
1512 2030 1611 2089 τόν
1647 2029 1882 2089 στόλον·

275 2114 406 2174 ἀλλ’
435 2116 559 2177 οὐδὲ
595 2116 774 2177 ταῦτα’,
812 2120 952 2185 ἐστι,
983 2113 1025 2173 ὦ
1061 2118 1181 2187 παῖ,
1210 2116 1352 2175 θεῖα·
1403 2116 1629 2177 ἐνύπνια
1662 2116 1774 2197 γὰρ
1810 2116 1883 2177 *ra*

275 2208 332 2265 ἐς
356 2203 678 2281 ἀνθρώπους
713 2204 1117 2279 πεπλανημένα
1150 2204 1381 2264 τοιαῦτά
1408 2209 1532 2264 ἐστι
1559 2204 1651 2265 οἶά
1678 2230 1749 2263 σε
1775 2203 1884 2285 ἐγώ

275 2291 491 2360 διδάξω,
535 2294 686 2351 ἔτεσι
734 2294 838 2350 σεῦ
876 2295 1156 2351 πολλοῖσι
1194 2292 1582 2370 πρεσβύτερος
1622 2291 1745 2351 εἰόν·
1786 2318 1879 2350 πε-

273 2380 606 2454 πλανῆσθαι
632 2376 796 2438 αὗται
821 2377 1080 2455 μάλιστα
1109 2380 1317 2441 ἐώθασι
1344 2406 1403 2439 αι
1428 2378 1584 2458 ὄψιες
1608 2382 1720 2439 τῶν
1746 2379 1882 2439 ὀνει·

273 2466 472 2543 ράτων,
509 2466 580 2527 τά
620 2492 704 2530 τις
743 2465 952 2544 ἡμέρης
988 2468 1291 2545 φροντίζει·
1339 2466 1500 2544 ἡμεῖς
1540 2467 1599 2526 δὲ
1638 2466 1739 2531 τοὶς
1772 2468 1883 2544 πρό

273 2558 376 2615 τοῦ
410 2553 621 2633 ἡμέρας
656 2554 862 2633 ταύτην
896 2580 1000 2629 την
1039 2555 1469 2632 στρατηλασίην
1496 2554 1589 2613 καὶ
1613 2581 1681 2615 το
1710 2554 1884 2631 κάρτα

276 2643 499 2721 εἴχομεν
515 2669 662 2720 μετα
679 2646 890 2723 χεῖρας·
934 2670 984 2703 ει
966 2642 1121 2702 ’δὲ’
1085 2670 1195 2721 αρα
1219 2668 1300 2719 μη
1329 2644 1452 2703 ἔστι
1476 2647 1643 2703 τοῦτο
1664 2648 1884 2704 τοιοῦτο

275 2730 394 2790 οἷον
421 2731 530 2811 ε’γῶ
555 2732 787 2811 διαιρέω,
817 2730 973 2791 ἀλλά
998 2756 1055 2791 τι
1079 2735 1181 2791 τοῦ
1220 2731 1350 2792 θεοῦ
1384 2732 1640 2810 μετέχον,
1669 2731 1743 2792 σύ
1770 2736 1884 2791 πᾶν

276 2817 442 2883 αὐτὸς
475 2820 791 2897 συλλαβών
827 2820 1066 2896 εἴρηκας·
1111 2817 1342 2895 φανήτω
1378 2818 1488 2899 γὰρ
1524 2820 1592 2895 δή
1630 2821 1723 2879 καὶ
1760 2820 1885 2897 ἐμοὶ

277 2905 348 2969 ὥς
374 2908 468 2967 καὶ
494 2910 590 2967 σοὶ
617 2907 1090 2984 διακελευόμενον.
1135 2910 1381 2984 φανῆναι
1400 2907 1459 2965 δὲ
1481 2906 1637 2967 οὐδὲν
1656 2906 1885 2983 μᾶλλόν

276 3021 377 3070 μοι
414 2994 638 3070 ὀφείλει
679 2997 864 3075 ἔχοντι
901 2996 1007 3073 τήν
1047 2994 1161 3072 σήν
1200 2995 1418 3071 ε’σθῆτα
1456 2994 1494 3072 ἦ
1536 2994 1600 3055 οὗ
1643 2993 1736 3051 καὶ
1780 2993 1883 3069 τὴν

279 3082 437 3159 ἐμήν·
485 3082 612 3143 οὐδέ
644 3110 702 3144 τι
733 3086 962 3160 μᾶλλον
999 3089 1057 3143 ἐν
1092 3084 1250 3162 κοίτῃ
1276 3087 1350 3162 τῇ
1376 3088 1459 3163 σῇ
1485 3082 1883 3162 ἀναπαυομένῳ

197 3236 206 3245 ,
277 3169 405 3245 ἢοῦ
453 3173 545 3232 καὶ
588 3178 648 3233 ἐν
693 3176 765 3251 τῇ
813 3176 941 3251 ε’μῇ·
1002 3172 1153 3247 εἴπερ
1206 3198 1272 3251 γε
1328 3173 1419 3231 καὶ
1472 3170 1660 3235 ἄλλως
1702 3171 1885 3232 ἐθέλει

278 3264 542 3336 φανῆναι·
586 3261 649 3320 οὗ
689 3260 799 3340 γοῖρ
841 3258 910 3334 δή
953 3264 1008 3321 ἐς
1046 3258 1288 3317 τοσοῦτό
1318 3284 1385 3338 γε
1414 3258 1665 3337 εὐηθείης
1691 3259 1882 3336 ἀνήκει

1846 364 1979 423 ’16
