2192 3409
296 103 508 168 83-87]
914 103 1290 154 ΚΑΛΛῙΟΠΗ.
1788 105 1881 156 321

295 181 628 258 ἐποιήσαΠο
676 180 867 258 θήκας·
935 183 1066 244 ἔνθα
1111 186 1215 260 μὲν
1255 181 1384 246 τοῦς
1438 181 1613 260 ἰρένας
1656 184 1883 262 ἔθαψαν,

225 263 232 268 ’
293 274 400 328 τῶν
444 270 534 328 καὶ
579 268 953 332 Ποσειδώνιος
999 271 1092 329 καὶ
1132 269 1561 348 Ἀμομφάρετος
1600 271 1749 347 ἦσαν
1796 271 1887 330 καὶ

293 357 578 416 Φιλοκύων
615 383 677 416 τε
709 357 801 415 καὶ
841 357 1259 435 Καλλικράτης.
1343 363 1401 417 ἐν
1434 362 1538 433 μὲν
1578 359 1645 434 δὴ
1678 360 1755 418 ἐνὶ
1780 363 1889 418 τῶν

293 443 486 518 τάφων
531 442 681 519 ἦσαν
730 447 782 502 οἶ
825 443 1010 521 ἰρένες·
1081 450 1139 505 ἐν
1186 445 1246 504 δὲ
1290 448 1365 523 τῷ
1412 447 1575 524 ἑτέρῳ
1621 449 1673 504 οἶ
1718 444 1889 505 ἄλλοι

298 533 662 606 Σπαρτιῆται·
705 536 762 590 ἐν
788 531 848 590 δὲ
882 535 958 610 τῷ
990 532 1175 610 τρίτῳ,
1204 535 1258 591 οἱ
1291 533 1529 595 εἵλωτες.
1612 531 1763 593 οὗτοι
1789 536 1892 608 μὲν

297 615 436 674 οὕτω
483 617 738 687 ἔθαπτον.
820 623 1090 699 Τεγεῆται
1138 619 1197 678 δὲ
1241 620 1409 698 χωρὶς
1452 619 1664 684 πάντας
1702 620 1889 682 ἁλέας·

231 706 233 714 '
301 705 390 760 καὶ
423 703 710 780 Ἀθηναῖοι
744 705 874 770 τοῦς
909 709 1121 766 ἑωυτῶν
1157 705 1320 784 ὁμοῦ·
1374 709 1467 776 καὶ
1506 709 1791 788 Μεγαρέες
1828 733 1890 766 τε

299 790 390 848 καὶ
442 791 710 852 Φλιάσιοι
759 791 890 858 τούς
931 792 1042 852 ὖπὸ
1095 798 1197 866 τῆς
1252 795 1423 854 ἵππου
1472 795 1887 872 διαφθαρέντας.

297 878 505 939 τούτων
537 881 641 956 μὲν
673 879 741 956 δή
775 880 996 940 πάντων
1024 880 1265 958 πλήρεες
1306 883 1558 961 ἐγένοντο
1602 885 1655 940 οἱ.
1698 882 1892 959 τάφοι·

299 968 408 1024 τῶν
459 967 518 1040 δὲ
570 964 762 1026 ἄλλων
802 967 932 1027 ὅσοι
987 967 1078 1026 καὶ
1121 969 1413 1042 φαίνονται
1455 974 1512 1028 ἐν
1566 973 1895 1046 Πλαταιῇσι

303 1051 480 1115 ἐόντες
505 1053 696 1129 τάφοι,
721 1055 948 1120 τούτους
975 1055 1051 1129 δὲ,
1081 1054 1151 1118 ὥς
1178 1054 1285 1134 ἐγώ
1312 1055 1675 1131 πυνθάνομαι,
1704 1061 1895 1116 ἐπαισ-

301 1141 634 1217 χυνομένους
657 1147 729 1220 τῇ
756 1142 994 1203 ἅπεστύϊ
1017 1147 1119 1218 τῆς
1143 1143 1344 1220 μάχης,
1374 1143 1641 1206 ἑκάστους
1664 1143 1898 1222 χώματα

302 1231 486 1304 χῶσαι
528 1229 694 1298 κεινὰ,
733 1234 846 1290 τῶν
883 1230 1273 1311 ἐπιγινομένων
1328 1231 1528 1290 εἵνεκεν
1582 1229 1897 1306 ἀνθρώπων.

307 1314 425 1372 ἐπεὶ
457 1316 547 1372 καὶ
583 1319 916 1396 Αἰγινητέων
953 1321 1082 1378 ἐσκὲ
1115 1317 1307 1378 αὐτόθι
1345 1318 1679 1395 καλεόμενος
1702 1317 1900 1392 τάφος,

304 1399 405 1460 τόν
440 1402 547 1482 ἐγώ
587 1403 766 1462 άκούω
801 1405 893 1464 καὶ
929 1406 1073 1466 δέκα·
1098 1407 1247 1466 ἔτεσι
1276 1404 1513 1483 ὕστερον
1542 1405 1685 1482 μετιῗ.
1710 1409 1901 1473 ταῦτα,

308 1487 605 1564 δεηθέντων
670 1495 778 1552 τῶν
847 1494 1197 1573 Αἰγινητέων,
1252 1497 1438 1572 χῶσαι
1490 1492 1752 1569 Κλεάδην
1804 1491 1903 1553 τὸν

308 1575 614 1637 Αὐτοδίκου
640 1578 812 1656 ἄνδρα
838 1582 1148 1651 Πλαταιέα,
1174 1581 1464 1658 πρόξεινον
1490 1579 1650 1640 ἐόντα
1678 1579 1875 1640 αὐτῶν.

387 1663 486 1730 Ὠς
515 1663 560 1724 δ’
599 1665 708 1743 ἄρα
745 1668 956 1746 ἔθαψαν
989 1667 1119 1730 τοῦς
1150 1669 1373 1746 νεκροῦς
1399 1672 1457 1728 ἐν
1494 1671 1823 1746 Πλαταιῇσι
1850 1671 1902 1726 οἱ
1918 1668 1994 1725 86
2022 1703 2029 1708 -

301 1753 590 1828 Ἕλληνες,
629 1753 824 1814 αὐτίκα
856 1756 1330 1832 βουλευομένοισί
1366 1761 1479 1832 σφι
1514 1755 1693 1816 ἐδόκεε
1733 1781 1901 1832 στρα-

310 1841 567 1901 τεύεσθαι
608 1842 699 1906 ἐπὶ
738 1842 837 1904 τὰς
877 1842 1088 1919 Θήβας,
1132 1844 1222 1902 καὶ
1263 1844 1521 1912 ἐξαιτέειν
1561 1843 1737 1905 αὐτῶν
1776 1844 1903 1905 τούς

309 1929 666 2004 μηδίσαντας,
708 1935 766 1990 ἐν
801 1930 1073 2008 πρώτοισι
1109 1931 1169 1990 δὲ
1200 1931 1379 1993 αὐτῶν
1411 1932 1777 2013 Τιμηγενίδην
1813 1932 1905 1990 καὶ

310 2014 651 2098 Ἀτταγῖνον,
695 2017 748 2078 οἳ
787 2019 1090 2100 ἀρχηγέται
1128 2018 1233 2078 α’νοῖ
1260 2019 1510 2097 πρώτους
1538 2019 1707 2099 ἦσαν·
1745 2018 1815 2096 ἦν
1846 2019 1905 2078 δὲ

308 2103 392 2178 μῆ
450 2106 720 2175 ἐκδιδῶσι,
774 2106 855 2182 μῆ
910 2107 1329 2166 ἀπανίστασθαι
1386 2105 1501 2165 uffa-0*
1554 2112 1655 2181 τῆς
1707 2107 1907 2170 πόλιος

313 2191 582 2268 πρότερον
619 2192 658 2268 ἢ
699 2193 951 2261 ἐξέλωσι·
995 2193 1066 2254 ὥς
1107 2191 1169 2251 δέ
1207 2199 1319 2266 σφι
1356 2198 1533 2251 ταῦτα
1573 2194 1739 2261 ἔδοξε,
1766 2192 1906 2252 οὕτω

316 2277 384 2351 δή
425 2279 680 2356 ἑνδεκάτῃ
720 2279 900 2356 ἡμέρῃ
941 2278 1053 2338 οἷπό
1093 2282 1196 2352 τῆς
1241 2281 1545 2354 συμβολῆς
1584 2278 1909 2354 ἀπικόμενοι

318 2364 674 2440 ἐπολιόρκεον
726 2365 1026 2440 Θηβαίους,
1081 2364 1399 2428 κελεύοντες
1457 2365 1725 2424 ἐκδιδόναι
1780 2366 1909 2429 τοῦς

318 2448 535 2527 ἄνδρας·
578 2450 644 2510 οὐ
676 2453 1038 2529 βουλομένων
1083 2451 1144 2512 δὲ
1178 2455 1287 2512 τῶν
1322 2453 1588 2527 Θηβαίων
1623 2451 1905 2526 ἐκδιδόναι,

317 2538 420 2614 τήν
457 2563 520 2598 τε
557 2543 665 2620 γῆν
703 2537 882 2598 αὐτῶν
921 2541 1155 2616 ἔταμνον
1196 2540 1288 2598 καὶ
1325 2539 1735 2616 προσέβαλλον
1772 2541 1913 2616 πρὸς

318 2625 384 2686 τὰ
424 2630 626 2706 τεῖχος.
709 2626 825 2686 Καὶ
877 2626 942 2686 ού
992 2626 1103 2708 γὰρ
1158 2626 1425 2686 ἐπαύοντο
1472 2625 1797 2702 σινεόμενοι,
1841 2632 1909 2686 εἰ·
1928 2630 2003 2690 87

321 2718 500 2792 κοστῇ
548 2713 728 2794 ἡμέρῃ
781 2715 934 2784 ἔλεξε
984 2719 1139 2774 τοῖσι
1191 2715 1499 2791 Θηβαίοισι
1550 2714 1913 2795 Τιμηγενίδης

321 2801 468 2860 τάδε·
513 2812 548 2836 “
564 2801 754 2880 ἄνδρες
784 2804 1046 2878 Θηβαῖοι,
1081 2801 1267 2878 ἐπειδὴ
1304 2801 1443 2862 οὕτω
1475 2803 1727 2864 δέδοκται
1758 2806 1913 2864 τοῖσι

315 2883 583 2966 Ἕλλησι,
609 2890 689 2966 μῆ
715 2889 984 2968 πρότερον
1011 2889 1399 2966 ἀπαναστῆναι
1422 2892 1853 2968 πολιορκέοντας
1876 2889 1913 2967 ἢ

326 2976 558 3046 ἐξέλωσι
597 2977 810 3054 Θήβας,
852 2976 890 3054 ἢ
919 2977 1095 3056 ἡμέας
1136 2979 1357 3060 αύτοῖσι
1380 2981 1685 3058 παραδῶτε,
1713 2982 1809 3038 νῦν
1841 2977 1915 3038 ὧν

325 3063 508 3138 ἡμέων
547 3065 726 3127 εἵνεκα
763 3071 840 3148 γῆ
879 3067 917 3142 ἤ
958 3069 1196 3144 Βοιωτίη
1249 3069 1403 3127 πλέω
1455 3068 1535 3146 μῆ
1590 3065 1911 3146 ἀναπλήσῃ·

328 3150 456 3210 ἀλλ’
486 3159 533 3215 εἰ
567 3158 672 3232 μὲν
710 3155 1007 3236 χρημάτων
1044 3158 1361 3236 χρηίζοντες
1399 3157 1707 3238 πρόσχημα
1740 3155 1915 3232 ἡμέας

330 3239 672 3320 ἐξαιτέονται,
702 3243 963 3326 χρήματά
989 3251 1100 3320 σφι
1132 3244 1309 3324 δῶμεν
1338 3250 1396 3306 ἐκ
1428 3249 1527 3306 τοῦ
1564 3247 1765 3306 κοινοῦ·
1806 3241 1915 3304 σῦν
