<?xml version="1.0" encoding="UTF-8"?>
<!DOCTYPE html PUBLIC "-//W3C//DTD XHTML 1.0 Transitional//EN"
    "http://www.w3.org/TR/xhtml1/DTD/xhtml1-transitional.dtd">
<html xmlns="http://www.w3.org/1999/xhtml" xml:lang="en" lang="en">
 <head>
  <title>
</title>
<meta http-equiv="Content-Type" content="text/html;charset=utf-8" />
  <meta name='ocr-system' content='tesseract 3.04.00' />
  <meta name='ocr-capabilities' content='ocr_page ocr_carea ocr_par ocr_line ocrx_word'/>
</head>
<body>
  <div class='ocr_page' id='page_1' title='image "./herodotus14herogoog_0129.png"; bbox 0 0 2192 3409; ppageno 0'>
   <div class='ocr_carea' id='block_1_1' title="bbox 342 130 1943 199">
    <p class='ocr_par' dir='ltr' id='par_1_1' title="bbox 342 130 1943 199">
     <span class='ocr_line' id='line_1_1' title="bbox 342 130 1943 199; baseline 0 -16"><span class='ocrx_word' id='word_1_1' title='bbox 342 132 494 199; x_wconf 67' lang='grc' dir='ltr'>ο-ε]</span> <span class='ocrx_word' id='word_1_2' title='bbox 957 130 1332 181; x_wconf 69' lang='grc' dir='ltr'>ΠοΛτΜΝῙΑ.</span> <span class='ocrx_word' id='word_1_3' title='bbox 1859 134 1943 183; x_wconf 82' lang='lat'>121</span> 
     </span>
    </p>
   </div>
   <div class='ocr_carea' id='block_1_2' title="bbox 325 210 2015 3359">
    <p class='ocr_par' dir='ltr' id='par_1_2' title="bbox 337 210 1950 821">
     <span class='ocr_line' id='line_1_2' title="bbox 337 210 1939 293; baseline 0 -22"><span class='ocrx_word' id='word_1_4' title='bbox 337 212 510 273; x_wconf 73' lang='grc' dir='ltr'>αὐτοῦ</span> <span class='ocrx_word' id='word_1_5' title='bbox 549 210 789 287; x_wconf 86' lang='grc' dir='ltr'>σεμνους</span> <span class='ocrx_word' id='word_1_6' title='bbox 827 210 1049 293; x_wconf 82' lang='grc' dir='ltr'>λόγους,</span> <span class='ocrx_word' id='word_1_7' title='bbox 1095 210 1362 292; x_wconf 86' lang='grc' dir='ltr'>κατέλεγε</span> <span class='ocrx_word' id='word_1_8' title='bbox 1400 213 1511 272; x_wconf 75' lang='grc' dir='ltr'>τῶν</span> <span class='ocrx_word' id='word_1_9' title='bbox 1550 215 1840 291; x_wconf 75' lang='grc' dir='ltr'>χρησμῶν·</span> <span class='ocrx_word' id='word_1_10' title='bbox 1889 216 1939 271; x_wconf 79' lang='grc' dir='ltr'>εἰ</span> 
     </span>
     <span class='ocr_line' id='line_1_3' title="bbox 337 298 1946 411; baseline -0.001 -50"><span class='ocrx_word' id='word_1_11' title='bbox 337 299 444 377; x_wconf 85' lang='grc' dir='ltr'>μέν</span> <span class='ocrx_word' id='word_1_12' title='bbox 479 326 536 361; x_wconf 90' lang='grc' dir='ltr'>τι</span> <span class='ocrx_word' id='word_1_13' title='bbox 576 299 720 360; x_wconf 87' lang='grc' dir='ltr'>ἐνέοι</span> <span class='ocrx_word' id='word_1_14' title='bbox 751 299 1000 375; x_wconf 92' lang='grc' dir='ltr'>σφάλμα</span> <span class='ocrx_word' id='word_1_15' title='bbox 1043 300 1219 411; x_wconf 79' lang='grc' dir='ltr'>φέρον</span> <span class='ocrx_word' id='word_1_16' title='bbox 1253 304 1330 377; x_wconf 77' lang='grc' dir='ltr'>τῷ</span> <span class='ocrx_word' id='word_1_17' title='bbox 1369 298 1665 379; x_wconf 80' lang='grc' dir='ltr'>βαρβάρῳ,</span> <span class='ocrx_word' id='word_1_18' title='bbox 1703 304 1812 361; x_wconf 81' lang='grc' dir='ltr'>τῶν</span> <span class='ocrx_word' id='word_1_19' title='bbox 1842 304 1946 376; x_wconf 82' lang='grc' dir='ltr'>μὲν</span> 
     </span>
     <span class='ocr_line' id='line_1_4' title="bbox 341 386 1941 469; baseline 0.001 -22"><span class='ocrx_word' id='word_1_20' title='bbox 341 390 498 469; x_wconf 84' lang='grc' dir='ltr'>ἔλεγε</span> <span class='ocrx_word' id='word_1_21' title='bbox 553 386 729 447; x_wconf 87' lang='grc' dir='ltr'>ουδέν·</span> <span class='ocrx_word' id='word_1_22' title='bbox 799 388 832 448; x_wconf 79' lang='grc' dir='ltr'>ὅ</span> <span class='ocrx_word' id='word_1_23' title='bbox 886 388 947 447; x_wconf 85' lang='grc' dir='ltr'>δὲ</span> <span class='ocrx_word' id='word_1_24' title='bbox 998 415 1072 447; x_wconf 92' lang='grc' dir='ltr'>τα</span> <span class='ocrx_word' id='word_1_25' title='bbox 1126 386 1509 464; x_wconf 70' lang='grc' dir='ltr'>εὐτυχέστατα</span> <span class='ocrx_word' id='word_1_26' title='bbox 1565 387 1941 466; x_wconf 81' lang='grc' dir='ltr'>ἐκλεγόμενος,</span> 
     </span>
     <span class='ocr_line' id='line_1_5' title="bbox 342 473 1947 557; baseline -0.001 -23"><span class='ocrx_word' id='word_1_27' title='bbox 342 478 501 557; x_wconf 83' lang='grc' dir='ltr'>ἔλεγε</span> <span class='ocrx_word' id='word_1_28' title='bbox 536 473 637 536; x_wconf 85' lang='grc' dir='ltr'>τόν</span> <span class='ocrx_word' id='word_1_29' title='bbox 671 502 735 536; x_wconf 87' lang='grc' dir='ltr'>τε</span> <span class='ocrx_word' id='word_1_30' title='bbox 758 475 1211 551; x_wconf 86' lang='grc' dir='ltr'>Ελλήσποντον,</span> <span class='ocrx_word' id='word_1_31' title='bbox 1244 474 1313 537; x_wconf 79' lang='grc' dir='ltr'>ὥς</span> <span class='ocrx_word' id='word_1_32' title='bbox 1341 476 1635 552; x_wconf 83' lang='grc' dir='ltr'>ζευχθῆναι</span> <span class='ocrx_word' id='word_1_33' title='bbox 1664 500 1832 552; x_wconf 89' lang='grc' dir='ltr'>χρεον</span> <span class='ocrx_word' id='word_1_34' title='bbox 1864 476 1947 550; x_wconf 79' lang='grc' dir='ltr'>εἴη</span> 
     </span>
     <span class='ocr_line' id='line_1_6' title="bbox 341 560 1949 642; baseline 0 -21"><span class='ocrx_word' id='word_1_35' title='bbox 341 563 430 621; x_wconf 72' lang='grc' dir='ltr'>ὑπ’</span> <span class='ocrx_word' id='word_1_36' title='bbox 449 562 647 642; x_wconf 80' lang='grc' dir='ltr'>α’νδρός</span> <span class='ocrx_word' id='word_1_37' title='bbox 667 563 921 641; x_wconf 86' lang='grc' dir='ltr'>Πέρσεω,</span> <span class='ocrx_word' id='word_1_38' title='bbox 939 562 1042 639; x_wconf 80' lang='grc' dir='ltr'>τήν</span> <span class='ocrx_word' id='word_1_39' title='bbox 1067 589 1131 623; x_wconf 91' lang='grc' dir='ltr'>τε</span> <span class='ocrx_word' id='word_1_40' title='bbox 1154 564 1350 621; x_wconf 83' lang='grc' dir='ltr'>ἔλασιν</span> <span class='ocrx_word' id='word_1_41' title='bbox 1373 562 1749 641; x_wconf 78' lang='grc' dir='ltr'>ἐξηγεόμενος.</span> <span class='ocrx_word' id='word_1_42' title='bbox 1788 560 1949 626; x_wconf 77' lang='grc' dir='ltr'>οὗτός</span> 
     </span>
     <span class='ocr_line' id='line_1_7' title="bbox 340 650 1950 731; baseline -0.001 -20"><span class='ocrx_word' id='word_1_43' title='bbox 340 678 403 711; x_wconf 90' lang='grc' dir='ltr'>τε</span> <span class='ocrx_word' id='word_1_44' title='bbox 442 651 510 728; x_wconf 74' lang='grc' dir='ltr'>δὴ</span> <span class='ocrx_word' id='word_1_45' title='bbox 560 651 937 731; x_wconf 77' lang='grc' dir='ltr'>χρησμῳδέων</span> <span class='ocrx_word' id='word_1_46' title='bbox 972 650 1376 729; x_wconf 77' lang='grc' dir='ltr'>προσεφέρετο,</span> <span class='ocrx_word' id='word_1_47' title='bbox 1423 650 1513 707; x_wconf 82' lang='grc' dir='ltr'>καὶ</span> <span class='ocrx_word' id='word_1_48' title='bbox 1550 650 1609 708; x_wconf 85' lang='grc' dir='ltr'>οἷ</span> <span class='ocrx_word' id='word_1_49' title='bbox 1648 675 1710 709; x_wconf 90' lang='grc' dir='ltr'>τε</span> <span class='ocrx_word' id='word_1_50' title='bbox 1753 655 1950 709; x_wconf 82' lang='grc' dir='ltr'>Πεισι-</span> 
     </span>
     <span class='ocr_line' id='line_1_8' title="bbox 343 737 1901 821; baseline -0.002 -22"><span class='ocrx_word' id='word_1_51' title='bbox 343 738 636 815; x_wconf 85' lang='grc' dir='ltr'>στρατίδαι</span> <span class='ocrx_word' id='word_1_52' title='bbox 662 740 754 799; x_wconf 86' lang='grc' dir='ltr'>καὶ</span> <span class='ocrx_word' id='word_1_53' title='bbox 781 742 836 800; x_wconf 82' lang='grc' dir='ltr'>οἱ</span> <span class='ocrx_word' id='word_1_54' title='bbox 859 739 1161 799; x_wconf 77' lang='grc' dir='ltr'>Ἀλευάδαι</span> <span class='ocrx_word' id='word_1_55' title='bbox 1186 738 1408 821; x_wconf 78' lang='grc' dir='ltr'>γνώμας</span> <span class='ocrx_word' id='word_1_56' title='bbox 1434 737 1901 815; x_wconf 77' lang='grc' dir='ltr'>ἀποδεικνύμενοι.</span> 
     </span>
    </p>

    <p class='ocr_par' dir='ltr' id='par_1_3' title="bbox 325 826 2015 3359">
     <span class='ocr_line' id='line_1_9' title="bbox 419 826 2015 911; baseline -0.001 -23.989"><span class='ocrx_word' id='word_1_57' title='bbox 419 827 519 891; x_wconf 83' lang='grc' dir='ltr'>Ὡς</span> <span class='ocrx_word' id='word_1_58' title='bbox 563 827 622 887; x_wconf 80' lang='grc' dir='ltr'>δὲ</span> <span class='ocrx_word' id='word_1_59' title='bbox 658 827 984 911; x_wconf 74' lang='grc' dir='ltr'>ἀνεγνώσθη</span> <span class='ocrx_word' id='word_1_60' title='bbox 1018 828 1231 906; x_wconf 78' lang='grc' dir='ltr'>Ξέρξης</span> <span class='ocrx_word' id='word_1_61' title='bbox 1266 826 1673 902; x_wconf 79' lang='grc' dir='ltr'>στρατεύεσθαι</span> <span class='ocrx_word' id='word_1_62' title='bbox 1718 827 1809 885; x_wconf 85' lang='grc' dir='ltr'>ἐπὶ</span> <span class='ocrx_word' id='word_1_63' title='bbox 1827 827 1947 902; x_wconf 78' lang='grc' dir='ltr'>τὴν</span> <span class='ocrx_word' id='word_1_64' title='bbox 1980 828 2015 885; x_wconf 82' lang='grc'><strong>7</strong></span> 
     </span>
     <span class='ocr_line' id='line_1_10' title="bbox 341 914 1951 995; baseline 0 -21"><span class='ocrx_word' id='word_1_65' title='bbox 341 914 616 986; x_wconf 82' lang='grc' dir='ltr'>Ἑλλάδα,</span> <span class='ocrx_word' id='word_1_66' title='bbox 638 917 877 977; x_wconf 75' lang='grc' dir='ltr'>ἐνθαῦτα</span> <span class='ocrx_word' id='word_1_67' title='bbox 904 917 1137 995; x_wconf 79' lang='grc' dir='ltr'>δευτέρω</span> <span class='ocrx_word' id='word_1_68' title='bbox 1155 918 1259 991; x_wconf 85' lang='grc' dir='ltr'>μὲν</span> <span class='ocrx_word' id='word_1_69' title='bbox 1286 915 1392 974; x_wconf 83' lang='grc' dir='ltr'>ἔτεῖ</span> <span class='ocrx_word' id='word_1_70' title='bbox 1417 940 1560 990; x_wconf 88' lang='grc' dir='ltr'>μετα</span> <span class='ocrx_word' id='word_1_71' title='bbox 1584 914 1684 975; x_wconf 81' lang='grc' dir='ltr'>τόν</span> <span class='ocrx_word' id='word_1_72' title='bbox 1713 914 1951 974; x_wconf 79' lang='grc' dir='ltr'>θάνατον</span> 
     </span>
     <span class='ocr_line' id='line_1_11' title="bbox 342 1002 1951 1082; baseline -0.001 -19"><span class='ocrx_word' id='word_1_73' title='bbox 342 1002 443 1063; x_wconf 82' lang='grc' dir='ltr'>τόν</span> <span class='ocrx_word' id='word_1_74' title='bbox 490 1006 747 1081; x_wconf 84' lang='grc' dir='ltr'>Δαρείου,</span> <span class='ocrx_word' id='word_1_75' title='bbox 794 1007 990 1082; x_wconf 80' lang='grc' dir='ltr'>πρῶτα</span> <span class='ocrx_word' id='word_1_76' title='bbox 1037 1002 1345 1080; x_wconf 85' lang='grc' dir='ltr'>στρατηιην</span> <span class='ocrx_word' id='word_1_77' title='bbox 1390 1002 1638 1061; x_wconf 88' lang='grc' dir='ltr'>ποιέεται</span> <span class='ocrx_word' id='word_1_78' title='bbox 1686 1002 1777 1059; x_wconf 87' lang='grc' dir='ltr'>ἐπὶ</span> <span class='ocrx_word' id='word_1_79' title='bbox 1822 1028 1951 1065; x_wconf 88' lang='grc' dir='ltr'>τους</span> 
     </span>
     <span class='ocr_line' id='line_1_12' title="bbox 345 1089 1950 1168; baseline -0.001 -19"><span class='ocrx_word' id='word_1_80' title='bbox 345 1089 720 1154; x_wconf 74' lang='grc' dir='ltr'>ἀπεστεῶτας.</span> <span class='ocrx_word' id='word_1_81' title='bbox 789 1092 1020 1156; x_wconf 76' lang='grc' dir='ltr'>τούτους</span> <span class='ocrx_word' id='word_1_82' title='bbox 1042 1091 1149 1168; x_wconf 87' lang='grc' dir='ltr'>μέν</span> <span class='ocrx_word' id='word_1_83' title='bbox 1174 1116 1271 1151; x_wconf 88' lang='grc' dir='ltr'>νυν</span> <span class='ocrx_word' id='word_1_84' title='bbox 1298 1089 1837 1167; x_wconf 79' lang='grc' dir='ltr'>καταστρεψάμενος,</span> <span class='ocrx_word' id='word_1_85' title='bbox 1858 1089 1950 1148; x_wconf 83' lang='grc' dir='ltr'>καὶ</span> 
     </span>
     <span class='ocr_line' id='line_1_13' title="bbox 345 1176 1949 1260; baseline -0.001 -23"><span class='ocrx_word' id='word_1_86' title='bbox 345 1180 631 1260; x_wconf 84' lang='grc' dir='ltr'>Αἴγυπτον</span> <span class='ocrx_word' id='word_1_87' title='bbox 665 1184 862 1239; x_wconf 73' lang='grc' dir='ltr'>πᾶσαν</span> <span class='ocrx_word' id='word_1_88' title='bbox 900 1178 1123 1240; x_wconf 83' lang='grc' dir='ltr'>πολλόν</span> <span class='ocrx_word' id='word_1_89' title='bbox 1164 1176 1499 1255; x_wconf 75' lang='grc' dir='ltr'>δουλοτέρην</span> <span class='ocrx_word' id='word_1_90' title='bbox 1524 1176 1768 1253; x_wconf 82' lang='grc' dir='ltr'>ποιήσας</span> <span class='ocrx_word' id='word_1_91' title='bbox 1793 1176 1829 1252; x_wconf 86' lang='grc' dir='ltr'>ἢ</span> <span class='ocrx_word' id='word_1_92' title='bbox 1858 1178 1949 1237; x_wconf 86' lang='grc' dir='ltr'>ἐπὶ</span> 
     </span>
     <span class='ocr_line' id='line_1_14' title="bbox 347 1265 1947 1346; baseline -0.001 -20"><span class='ocrx_word' id='word_1_93' title='bbox 347 1268 588 1343; x_wconf 88' lang='grc' dir='ltr'>Δαρείου</span> <span class='ocrx_word' id='word_1_94' title='bbox 627 1266 712 1344; x_wconf 66' lang='grc' dir='ltr'>ἦν,</span> <span class='ocrx_word' id='word_1_95' title='bbox 741 1268 1020 1346; x_wconf 79' lang='grc' dir='ltr'>ἐπιτρέπει</span> <span class='ocrx_word' id='word_1_96' title='bbox 1043 1267 1381 1346; x_wconf 79' lang='grc' dir='ltr'>Ἀχαιμένεϊ,</span> <span class='ocrx_word' id='word_1_97' title='bbox 1410 1265 1668 1345; x_wconf 70' lang='grc' dir='ltr'>ἀδελφεῷ</span> <span class='ocrx_word' id='word_1_98' title='bbox 1692 1268 1795 1342; x_wconf 85' lang='grc' dir='ltr'>μὲν</span> <span class='ocrx_word' id='word_1_99' title='bbox 1823 1270 1947 1324; x_wconf 84' lang='grc' dir='ltr'>ἑωυ-</span> 
     </span>
     <span class='ocr_line' id='line_1_15' title="bbox 344 1354 1945 1434; baseline -0.001 -20"><span class='ocrx_word' id='word_1_100' title='bbox 344 1360 444 1415; x_wconf 81' lang='grc' dir='ltr'>τοῦ</span> <span class='ocrx_word' id='word_1_101' title='bbox 471 1358 710 1433; x_wconf 84' lang='grc' dir='ltr'>Δαρείου</span> <span class='ocrx_word' id='word_1_102' title='bbox 747 1357 806 1415; x_wconf 83' lang='grc' dir='ltr'>δὲ</span> <span class='ocrx_word' id='word_1_103' title='bbox 843 1356 1019 1415; x_wconf 86' lang='grc' dir='ltr'>παιδί.</span> <span class='ocrx_word' id='word_1_104' title='bbox 1099 1354 1436 1434; x_wconf 79' lang='grc' dir='ltr'>Ἀχαιμένεα</span> <span class='ocrx_word' id='word_1_105' title='bbox 1473 1355 1579 1430; x_wconf 82' lang='grc' dir='ltr'>μέν</span> <span class='ocrx_word' id='word_1_106' title='bbox 1609 1379 1704 1414; x_wconf 93' lang='grc' dir='ltr'>νυν</span> <span class='ocrx_word' id='word_1_107' title='bbox 1730 1359 1945 1431; x_wconf 84' lang='grc' dir='ltr'>ἐπιτρο-</span> 
     </span>
     <span class='ocr_line' id='line_1_16' title="bbox 344 1440 1946 1523; baseline -0.001 -22"><span class='ocrx_word' id='word_1_108' title='bbox 344 1443 583 1504; x_wconf 78' lang='grc' dir='ltr'>πεύοντα</span> <span class='ocrx_word' id='word_1_109' title='bbox 619 1444 906 1523; x_wconf 72' lang='grc' dir='ltr'>Αἰγύπτου</span> <span class='ocrx_word' id='word_1_110' title='bbox 940 1442 1125 1523; x_wconf 90' lang='grc' dir='ltr'>χρόνῳ</span> <span class='ocrx_word' id='word_1_111' title='bbox 1165 1443 1461 1521; x_wconf 88' lang='grc' dir='ltr'>μετέπειτα</span> <span class='ocrx_word' id='word_1_112' title='bbox 1496 1441 1769 1518; x_wconf 82' lang='grc' dir='ltr'>ἐφόνευσε</span> <span class='ocrx_word' id='word_1_113' title='bbox 1807 1440 1946 1502; x_wconf 85' lang='grc' dir='ltr'>Ἰνά-</span> 
     </span>
     <span class='ocr_line' id='line_1_17' title="bbox 325 1528 2014 1611; baseline 0 -23"><span class='ocrx_word' id='word_1_114' title='bbox 325 1557 450 1611; x_wconf 56' lang='grc' dir='ltr'>ρως</span> <span class='ocrx_word' id='word_1_115' title='bbox 490 1530 522 1589; x_wconf 81' lang='grc' dir='ltr'>ὅ</span> <span class='ocrx_word' id='word_1_116' title='bbox 563 1532 938 1611; x_wconf 77' lang='grc' dir='ltr'>Ψαμμιτίχου,</span> <span class='ocrx_word' id='word_1_117' title='bbox 981 1530 1123 1608; x_wconf 76' lang='grc' dir='ltr'>ἀνὴρ</span> <span class='ocrx_word' id='word_1_118' title='bbox 1163 1530 1367 1607; x_wconf 79' lang='grc' dir='ltr'>Λίβυς.</span> <span class='ocrx_word' id='word_1_119' title='bbox 1448 1530 1664 1607; x_wconf 76' lang='grc' dir='ltr'>’Ξέρξης</span> <span class='ocrx_word' id='word_1_120' title='bbox 1706 1529 1765 1588; x_wconf 62' lang='grc' dir='ltr'>δὲ</span> <span class='ocrx_word' id='word_1_121' title='bbox 1803 1528 1947 1606; x_wconf 72' lang='grc' dir='ltr'>μετὰ</span> <span class='ocrx_word' id='word_1_122' title='bbox 1976 1533 2014 1588; x_wconf 90' lang='grc'>8</span> 
     </span>
     <span class='ocr_line' id='line_1_18' title="bbox 347 1616 1945 1698; baseline 0.001 -22"><span class='ocrx_word' id='word_1_123' title='bbox 347 1617 632 1698; x_wconf 74' lang='grc' dir='ltr'>Αἰγύπτου</span> <span class='ocrx_word' id='word_1_124' title='bbox 672 1618 902 1695; x_wconf 82' lang='grc' dir='ltr'>ἅλωσιν,</span> <span class='ocrx_word' id='word_1_125' title='bbox 933 1618 1002 1682; x_wconf 83' lang='grc' dir='ltr'>ὥς</span> <span class='ocrx_word' id='word_1_126' title='bbox 1035 1620 1243 1695; x_wconf 76' lang='grc' dir='ltr'>ἔμελλε</span> <span class='ocrx_word' id='word_1_127' title='bbox 1282 1624 1337 1681; x_wconf 79' lang='grc' dir='ltr'>ἐς</span> <span class='ocrx_word' id='word_1_128' title='bbox 1373 1622 1564 1698; x_wconf 71' lang='grc' dir='ltr'>χεῖρας</span> <span class='ocrx_word' id='word_1_129' title='bbox 1602 1616 1839 1688; x_wconf 76' lang='grc' dir='ltr'>ἄξεσθαι</span> <span class='ocrx_word' id='word_1_130' title='bbox 1877 1616 1945 1677; x_wconf 63' lang='lat' dir='ltr'>r&amp;</span> 
     </span>
     <span class='ocr_line' id='line_1_19' title="bbox 347 1704 1946 1787; baseline 0.001 -23"><span class='ocrx_word' id='word_1_131' title='bbox 347 1704 669 1783; x_wconf 76' lang='grc' dir='ltr'>στράτευμα</span> <span class='ocrx_word' id='word_1_132' title='bbox 691 1705 758 1765; x_wconf 79' lang='grc' dir='ltr'>τὰ</span> <span class='ocrx_word' id='word_1_133' title='bbox 786 1706 878 1765; x_wconf 82' lang='grc' dir='ltr'>ἐπὶ</span> <span class='ocrx_word' id='word_1_134' title='bbox 901 1706 1002 1768; x_wconf 81' lang='grc' dir='ltr'>τοὶς</span> <span class='ocrx_word' id='word_1_135' title='bbox 1024 1705 1282 1783; x_wconf 84' lang='grc' dir='ltr'>Ἀθήνας,</span> <span class='ocrx_word' id='word_1_136' title='bbox 1312 1705 1604 1787; x_wconf 78' lang='grc' dir='ltr'>σύλλογον</span> <span class='ocrx_word' id='word_1_137' title='bbox 1645 1706 1946 1781; x_wconf 76' lang='grc' dir='ltr'>ἐπίκλητον</span> 
     </span>
     <span class='ocr_line' id='line_1_20' title="bbox 349 1792 1945 1874; baseline -0.001 -23"><span class='ocrx_word' id='word_1_138' title='bbox 349 1794 615 1869; x_wconf 88' lang='grc' dir='ltr'>Περσέων</span> <span class='ocrx_word' id='word_1_139' title='bbox 651 1796 761 1854; x_wconf 79' lang='grc' dir='ltr'>τῶν</span> <span class='ocrx_word' id='word_1_140' title='bbox 799 1792 1044 1871; x_wconf 84' lang='grc' dir='ltr'>οἷρίστων</span> <span class='ocrx_word' id='word_1_141' title='bbox 1083 1795 1345 1863; x_wconf 84' lang='grc' dir='ltr'>ἐποιέετο,</span> <span class='ocrx_word' id='word_1_142' title='bbox 1376 1793 1465 1853; x_wconf 81' lang='grc' dir='ltr'>ἵνα</span> <span class='ocrx_word' id='word_1_143' title='bbox 1502 1792 1726 1874; x_wconf 71' lang='grc' dir='ltr'>γνώμας</span> <span class='ocrx_word' id='word_1_144' title='bbox 1755 1792 1818 1852; x_wconf 69' lang='grc' dir='ltr'>τὲ</span> <span class='ocrx_word' id='word_1_145' title='bbox 1842 1792 1945 1851; x_wconf 78' lang='grc' dir='ltr'>πύ-</span> 
     </span>
     <span class='ocr_line' id='line_1_21' title="bbox 349 1880 1945 1959; baseline -0.001 -18"><span class='ocrx_word' id='word_1_146' title='bbox 349 1881 512 1956; x_wconf 84' lang='grc' dir='ltr'>θηται</span> <span class='ocrx_word' id='word_1_147' title='bbox 537 1881 728 1956; x_wconf 87' lang='grc' dir='ltr'>σφέων</span> <span class='ocrx_word' id='word_1_148' title='bbox 755 1882 847 1940; x_wconf 81' lang='grc' dir='ltr'>καὶ</span> <span class='ocrx_word' id='word_1_149' title='bbox 871 1881 1037 1944; x_wconf 77' lang='grc' dir='ltr'>αὖτός</span> <span class='ocrx_word' id='word_1_150' title='bbox 1063 1886 1123 1941; x_wconf 87' lang='grc' dir='ltr'>ἐν</span> <span class='ocrx_word' id='word_1_151' title='bbox 1148 1885 1292 1941; x_wconf 78' lang='grc' dir='ltr'>πᾶσι</span> <span class='ocrx_word' id='word_1_152' title='bbox 1318 1882 1445 1959; x_wconf 84' lang='grc' dir='ltr'>εἴπῃ</span> <span class='ocrx_word' id='word_1_153' title='bbox 1470 1881 1543 1940; x_wconf 86' lang='grc' dir='ltr'>τοὶ</span> <span class='ocrx_word' id='word_1_154' title='bbox 1570 1882 1743 1941; x_wconf 85' lang='grc' dir='ltr'>θέλει·</span> <span class='ocrx_word' id='word_1_155' title='bbox 1788 1880 1860 1943; x_wconf 75' lang='grc' dir='ltr'>ὥς</span> <span class='ocrx_word' id='word_1_156' title='bbox 1886 1880 1945 1939; x_wconf 80' lang='grc' dir='ltr'>δὲ</span> 
     </span>
     <span class='ocr_line' id='line_1_22' title="bbox 346 1966 1941 2047; baseline 0 -20"><span class='ocrx_word' id='word_1_157' title='bbox 346 1969 787 2047; x_wconf 86' lang='grc' dir='ltr'>συνελέχθησαν,</span> <span class='ocrx_word' id='word_1_158' title='bbox 815 1968 970 2039; x_wconf 80' lang='grc' dir='ltr'>ἔλεξε</span> <span class='ocrx_word' id='word_1_159' title='bbox 996 1969 1208 2045; x_wconf 68' lang='grc' dir='ltr'>Ξέρξης</span> <span class='ocrx_word' id='word_1_160' title='bbox 1236 1967 1387 2028; x_wconf 87' lang='grc' dir='ltr'>τάδε·</span> <span class='ocrx_word' id='word_1_161' title='bbox 1429 1979 1465 2005; x_wconf 88' lang='grc'><strong>“</strong></span> <span class='ocrx_word' id='word_1_162' title='bbox 1483 1966 1675 2047; x_wconf 75' lang='grc' dir='ltr'>ἄνδρες</span> <span class='ocrx_word' id='word_1_163' title='bbox 1700 1970 1941 2046; x_wconf 84' lang='grc' dir='ltr'>Πέρσαι,</span> 
     </span>
     <span class='ocr_line' id='line_1_23' title="bbox 346 2055 1941 2137; baseline 0.003 -23"><span class='ocrx_word' id='word_1_164' title='bbox 346 2055 457 2115; x_wconf 77' lang='grc' dir='ltr'>οὔτ’</span> <span class='ocrx_word' id='word_1_165' title='bbox 482 2056 648 2121; x_wconf 74' lang='grc' dir='ltr'>αὐτὸς</span> <span class='ocrx_word' id='word_1_166' title='bbox 686 2056 1080 2137; x_wconf 76' lang='grc' dir='ltr'>κατηγήσομαι</span> <span class='ocrx_word' id='word_1_167' title='bbox 1121 2056 1292 2133; x_wconf 86' lang='grc' dir='ltr'>νόμον</span> <span class='ocrx_word' id='word_1_168' title='bbox 1329 2055 1489 2117; x_wconf 81' lang='grc' dir='ltr'>τόνδε</span> <span class='ocrx_word' id='word_1_169' title='bbox 1516 2062 1574 2117; x_wconf 87' lang='grc' dir='ltr'>ἐν</span> <span class='ocrx_word' id='word_1_170' title='bbox 1600 2056 1733 2133; x_wconf 75' lang='grc' dir='ltr'>ὖμῖν</span> <span class='ocrx_word' id='word_1_171' title='bbox 1851 2056 1941 2125; x_wconf 79' lang='grc' dir='ltr'>εὶς,</span> 
     </span>
     <span class='ocr_line' id='line_1_24' title="bbox 345 2057 1945 2225; baseline 0.002 -25"><span class='ocrx_word' id='word_1_172' title='bbox 345 2143 790 2221; x_wconf 82' lang='grc' dir='ltr'>παραδεξάμενός</span> <span class='ocrx_word' id='word_1_173' title='bbox 820 2169 883 2202; x_wconf 90' lang='grc' dir='ltr'>τε</span> <span class='ocrx_word' id='word_1_174' title='bbox 919 2142 1066 2222; x_wconf 68' lang='grc' dir='ltr'>αὐτῷ</span> <span class='ocrx_word' id='word_1_175' title='bbox 1091 2142 1401 2221; x_wconf 81' lang='grc' dir='ltr'>χρήσομαι·</span> <span class='ocrx_word' id='word_1_176' title='bbox 1444 2142 1517 2207; x_wconf 76' lang='grc' dir='ltr'>ὥς</span> <span class='ocrx_word' id='word_1_177' title='bbox 1541 2146 1651 2224; x_wconf 73' lang='grc' dir='ltr'>γοῖρ</span> <span class='ocrx_word' id='word_1_178' title='bbox 1680 2057 1945 2225; x_wconf 57' lang='lat' dir='ltr'>‘’ng</span> 
     </span>
     <span class='ocr_line' id='line_1_25' title="bbox 345 2230 1945 2311; baseline 0.001 -23"><span class='ocrx_word' id='word_1_179' title='bbox 345 2230 583 2306; x_wconf 83' lang='grc' dir='ltr'>θάνομαι</span> <span class='ocrx_word' id='word_1_180' title='bbox 608 2235 720 2291; x_wconf 76' lang='grc' dir='ltr'>τῶν</span> <span class='ocrx_word' id='word_1_181' title='bbox 741 2231 1157 2311; x_wconf 87' lang='grc' dir='ltr'>πρεσβυτέρων,</span> <span class='ocrx_word' id='word_1_182' title='bbox 1186 2230 1401 2307; x_wconf 78' lang='grc' dir='ltr'>οὖδαμά</span> <span class='ocrx_word' id='word_1_183' title='bbox 1429 2258 1506 2291; x_wconf 90' lang='grc' dir='ltr'>κω</span> <span class='ocrx_word' id='word_1_184' title='bbox 1530 2231 1945 2309; x_wconf 75' lang='grc' dir='ltr'>ἠτρεμήσαμεν,</span> 
     </span>
     <span class='ocr_line' id='line_1_26' title="bbox 346 2316 1945 2399; baseline 0.001 -24"><span class='ocrx_word' id='word_1_185' title='bbox 346 2318 470 2375; x_wconf 85' lang='grc' dir='ltr'>ἐπεί</span> <span class='ocrx_word' id='word_1_186' title='bbox 516 2342 580 2376; x_wconf 90' lang='grc' dir='ltr'>τε</span> <span class='ocrx_word' id='word_1_187' title='bbox 631 2316 1035 2394; x_wconf 79' lang='grc' dir='ltr'>παρελάβομεν</span> <span class='ocrx_word' id='word_1_188' title='bbox 1079 2318 1183 2395; x_wconf 70' lang='grc' dir='ltr'>τὴν</span> <span class='ocrx_word' id='word_1_189' title='bbox 1232 2318 1535 2399; x_wconf 74' lang='grc' dir='ltr'>ἡγεμονίην</span> <span class='ocrx_word' id='word_1_190' title='bbox 1585 2318 1749 2394; x_wconf 84' lang='grc' dir='ltr'>τήνδε</span> <span class='ocrx_word' id='word_1_191' title='bbox 1792 2320 1945 2395; x_wconf 86' lang='grc' dir='ltr'>παροὶ</span> 
     </span>
     <span class='ocr_line' id='line_1_27' title="bbox 345 2402 1946 2513; baseline 0.002 -52"><span class='ocrx_word' id='word_1_192' title='bbox 345 2402 558 2477; x_wconf 84' lang='grc' dir='ltr'>Μήδων</span> <span class='ocrx_word' id='word_1_193' title='bbox 585 2404 776 2481; x_wconf 81' lang='grc' dir='ltr'>Κύρου</span> <span class='ocrx_word' id='word_1_194' title='bbox 817 2404 1149 2469; x_wconf 79' lang='grc' dir='ltr'>κατελόντος</span> <span class='ocrx_word' id='word_1_195' title='bbox 1165 2404 1509 2513; x_wconf 50' lang='grc' dir='ltr'>ζΑστυάγεα·</span> <span class='ocrx_word' id='word_1_196' title='bbox 1552 2405 1707 2465; x_wconf 87' lang='grc' dir='ltr'>α’λλα</span> <span class='ocrx_word' id='word_1_197' title='bbox 1734 2406 1860 2468; x_wconf 86' lang='grc' dir='ltr'>θεός</span> <span class='ocrx_word' id='word_1_198' title='bbox 1884 2431 1946 2464; x_wconf 89' lang='grc' dir='ltr'>τε</span> 
     </span>
     <span class='ocr_line' id='line_1_28' title="bbox 347 2490 1942 2572; baseline 0 -21"><span class='ocrx_word' id='word_1_199' title='bbox 347 2512 488 2551; x_wconf 82' lang='grc' dir='ltr'>ουτω</span> <span class='ocrx_word' id='word_1_200' title='bbox 524 2490 662 2572; x_wconf 76' lang='grc' dir='ltr'>ἄγει,</span> <span class='ocrx_word' id='word_1_201' title='bbox 694 2493 786 2553; x_wconf 86' lang='grc' dir='ltr'>καὶ</span> <span class='ocrx_word' id='word_1_202' title='bbox 821 2492 1042 2555; x_wconf 79' lang='grc' dir='ltr'>αὔτοΐσι</span> <span class='ocrx_word' id='word_1_203' title='bbox 1083 2492 1223 2571; x_wconf 81' lang='grc' dir='ltr'>ἤμῖν</span> <span class='ocrx_word' id='word_1_204' title='bbox 1260 2494 1453 2553; x_wconf 81' lang='grc' dir='ltr'>πολλοὶ</span> <span class='ocrx_word' id='word_1_205' title='bbox 1496 2492 1767 2552; x_wconf 86' lang='grc' dir='ltr'>ἐπέπουσι</span> <span class='ocrx_word' id='word_1_206' title='bbox 1800 2520 1942 2570; x_wconf 82' lang='grc' dir='ltr'>συμ-</span> 
     </span>
     <span class='ocr_line' id='line_1_29' title="bbox 346 2578 1941 2658; baseline 0.001 -21"><span class='ocrx_word' id='word_1_207' title='bbox 346 2578 575 2657; x_wconf 82' lang='grc' dir='ltr'>φέρεται</span> <span class='ocrx_word' id='word_1_208' title='bbox 609 2579 702 2639; x_wconf 90' lang='grc' dir='ltr'>ἐπι</span> <span class='ocrx_word' id='word_1_209' title='bbox 740 2580 807 2641; x_wconf 81' lang='grc' dir='ltr'>τό</span> <span class='ocrx_word' id='word_1_210' title='bbox 848 2579 1084 2658; x_wconf 78' lang='grc' dir='ltr'>ἄμεινον.</span> <span class='ocrx_word' id='word_1_211' title='bbox 1171 2582 1243 2641; x_wconf 83' lang='grc' dir='ltr'>τοὶ</span> <span class='ocrx_word' id='word_1_212' title='bbox 1267 2584 1371 2658; x_wconf 86' lang='grc' dir='ltr'>μέν</span> <span class='ocrx_word' id='word_1_213' title='bbox 1398 2606 1496 2641; x_wconf 89' lang='grc' dir='ltr'>νυν</span> <span class='ocrx_word' id='word_1_214' title='bbox 1524 2580 1711 2657; x_wconf 82' lang='grc' dir='ltr'>Κῦρός</span> <span class='ocrx_word' id='word_1_215' title='bbox 1748 2607 1811 2640; x_wconf 89' lang='grc' dir='ltr'>τε</span> <span class='ocrx_word' id='word_1_216' title='bbox 1851 2582 1941 2640; x_wconf 80' lang='grc' dir='ltr'>καὶ</span> 
     </span>
     <span class='ocr_line' id='line_1_30' title="bbox 347 2667 1944 2751; baseline 0.003 -27"><span class='ocrx_word' id='word_1_217' title='bbox 347 2667 670 2744; x_wconf 73' lang='grc' dir='ltr'>Καμβύσης</span> <span class='ocrx_word' id='word_1_218' title='bbox 714 2668 901 2747; x_wconf 85' lang='grc' dir='ltr'>πατήρ</span> <span class='ocrx_word' id='word_1_219' title='bbox 947 2695 1011 2729; x_wconf 86' lang='grc' dir='ltr'>τε</span> <span class='ocrx_word' id='word_1_220' title='bbox 1057 2670 1193 2747; x_wconf 72' lang='grc' dir='ltr'>ἐμός</span> <span class='ocrx_word' id='word_1_221' title='bbox 1238 2673 1475 2745; x_wconf 80' lang='grc' dir='ltr'>Δαρεῖος</span> <span class='ocrx_word' id='word_1_222' title='bbox 1525 2670 1944 2751; x_wconf 81' lang='grc' dir='ltr'>κατεργάσαντο</span> 
     </span>
     <span class='ocr_line' id='line_1_31' title="bbox 346 2755 1943 2834; baseline 0.002 -22"><span class='ocrx_word' id='word_1_223' title='bbox 346 2755 439 2813; x_wconf 84' lang='grc' dir='ltr'>καὶ</span> <span class='ocrx_word' id='word_1_224' title='bbox 473 2756 935 2833; x_wconf 87' lang='grc' dir='ltr'>προσεκτήσαντο</span> <span class='ocrx_word' id='word_1_225' title='bbox 971 2758 1147 2828; x_wconf 79' lang='grc' dir='ltr'>ἔθνεα,</span> <span class='ocrx_word' id='word_1_226' title='bbox 1178 2757 1602 2834; x_wconf 85' lang='grc' dir='ltr'>ἐπισταμένοισι</span> <span class='ocrx_word' id='word_1_227' title='bbox 1644 2757 1703 2817; x_wconf 76' lang='grc' dir='ltr'>εὖ</span> <span class='ocrx_word' id='word_1_228' title='bbox 1742 2758 1840 2818; x_wconf 77' lang='grc' dir='ltr'>οὐκ</span> <span class='ocrx_word' id='word_1_229' title='bbox 1874 2757 1943 2816; x_wconf 75' lang='grc' dir='ltr'>ἄν</span> 
     </span>
     <span class='ocr_line' id='line_1_32' title="bbox 341 2844 1942 2926; baseline 0.002 -26"><span class='ocrx_word' id='word_1_230' title='bbox 341 2866 426 2904; x_wconf 86' lang='grc' dir='ltr'>τις</span> <span class='ocrx_word' id='word_1_231' title='bbox 465 2845 646 2925; x_wconf 81' lang='grc' dir='ltr'>λέγοι·</span> <span class='ocrx_word' id='word_1_232' title='bbox 693 2844 802 2926; x_wconf 71' lang='grc' dir='ltr'>ἐγώ</span> <span class='ocrx_word' id='word_1_233' title='bbox 844 2845 904 2905; x_wconf 80' lang='grc' dir='ltr'>δὲ</span> <span class='ocrx_word' id='word_1_234' title='bbox 947 2848 1071 2906; x_wconf 86' lang='grc' dir='ltr'>ἐπεί</span> <span class='ocrx_word' id='word_1_235' title='bbox 1107 2871 1172 2906; x_wconf 91' lang='grc' dir='ltr'>τε</span> <span class='ocrx_word' id='word_1_236' title='bbox 1211 2846 1545 2922; x_wconf 87' lang='grc' dir='ltr'>παρέλαβον</span> <span class='ocrx_word' id='word_1_237' title='bbox 1582 2844 1683 2906; x_wconf 76' lang='grc' dir='ltr'>τᾶν</span> <span class='ocrx_word' id='word_1_238' title='bbox 1726 2844 1942 2923; x_wconf 89' lang='grc' dir='ltr'>θρόνον,</span> 
     </span>
     <span class='ocr_line' id='line_1_33' title="bbox 341 2932 1940 3012; baseline 0.004 -25"><span class='ocrx_word' id='word_1_239' title='bbox 341 2934 509 2990; x_wconf 80' lang='grc' dir='ltr'>τοῦτο</span> <span class='ocrx_word' id='word_1_240' title='bbox 551 2932 891 3009; x_wconf 83' lang='grc' dir='ltr'>ἐφρόντιζον,</span> <span class='ocrx_word' id='word_1_241' title='bbox 919 2932 1057 2996; x_wconf 83' lang='grc' dir='ltr'>ὅκως</span> <span class='ocrx_word' id='word_1_242' title='bbox 1094 2933 1175 3010; x_wconf 76' lang='grc' dir='ltr'>μή</span> <span class='ocrx_word' id='word_1_243' title='bbox 1218 2933 1489 3012; x_wconf 83' lang='grc' dir='ltr'>λείψομαι</span> <span class='ocrx_word' id='word_1_244' title='bbox 1522 2935 1633 2993; x_wconf 73' lang='grc' dir='ltr'>τῶν</span> <span class='ocrx_word' id='word_1_245' title='bbox 1668 2933 1940 3010; x_wconf 81' lang='grc' dir='ltr'>πρότερον</span> 
     </span>
     <span class='ocr_line' id='line_1_34' title="bbox 341 3020 1943 3099; baseline 0.002 -23"><span class='ocrx_word' id='word_1_246' title='bbox 341 3020 648 3099; x_wconf 87' lang='grc' dir='ltr'>γενομένων</span> <span class='ocrx_word' id='word_1_247' title='bbox 675 3026 733 3080; x_wconf 89' lang='grc' dir='ltr'>ἐν</span> <span class='ocrx_word' id='word_1_248' title='bbox 756 3024 893 3099; x_wconf 82' lang='grc' dir='ltr'>τιμῇ</span> <span class='ocrx_word' id='word_1_249' title='bbox 919 3022 1068 3099; x_wconf 82' lang='grc' dir='ltr'>τῇδε,</span> <span class='ocrx_word' id='word_1_250' title='bbox 1089 3021 1231 3097; x_wconf 81' lang='grc' dir='ltr'>μηδὲ</span> <span class='ocrx_word' id='word_1_251' title='bbox 1252 3020 1484 3081; x_wconf 79' lang='grc' dir='ltr'>ἐλάσσω</span> <span class='ocrx_word' id='word_1_252' title='bbox 1507 3020 1943 3099; x_wconf 82' lang='grc' dir='ltr'>προσκτήσομαι</span> 
     </span>
     <span class='ocr_line' id='line_1_35' title="bbox 343 3103 1946 3188; baseline 0.003 -25"><span class='ocrx_word' id='word_1_253' title='bbox 343 3103 574 3183; x_wconf 78' lang='grc' dir='ltr'>δύναμιν</span> <span class='ocrx_word' id='word_1_254' title='bbox 599 3109 884 3188; x_wconf 85' lang='grc' dir='ltr'>Πέρσῃσι.</span> <span class='ocrx_word' id='word_1_255' title='bbox 966 3109 1273 3186; x_wconf 87' lang='grc' dir='ltr'>φροντίζων</span> <span class='ocrx_word' id='word_1_256' title='bbox 1314 3109 1375 3168; x_wconf 82' lang='grc' dir='ltr'>δὲ</span> <span class='ocrx_word' id='word_1_257' title='bbox 1410 3108 1645 3187; x_wconf 68' lang='grc' dir='ltr'>εὑρίσκω</span> <span class='ocrx_word' id='word_1_258' title='bbox 1685 3107 1803 3185; x_wconf 80' lang='grc' dir='ltr'>ἅμα</span> <span class='ocrx_word' id='word_1_259' title='bbox 1841 3110 1946 3187; x_wconf 81' lang='grc' dir='ltr'>μὲν</span> 
     </span>
     <span class='ocr_line' id='line_1_36' title="bbox 345 3193 1942 3277; baseline 0.004 -27"><span class='ocrx_word' id='word_1_260' title='bbox 345 3193 506 3256; x_wconf 82' lang='grc' dir='ltr'>κῦδος</span> <span class='ocrx_word' id='word_1_261' title='bbox 549 3195 686 3272; x_wconf 72' lang='grc' dir='ltr'>ἡμῖν</span> <span class='ocrx_word' id='word_1_262' title='bbox 729 3222 792 3256; x_wconf 89' lang='grc' dir='ltr'>τε</span> <span class='ocrx_word' id='word_1_263' title='bbox 845 3195 1305 3277; x_wconf 87' lang='grc' dir='ltr'>προσγινόμενον,</span> <span class='ocrx_word' id='word_1_264' title='bbox 1355 3197 1541 3276; x_wconf 79' lang='grc' dir='ltr'>χώρην</span> <span class='ocrx_word' id='word_1_265' title='bbox 1585 3221 1649 3256; x_wconf 89' lang='grc' dir='ltr'>τε</span> <span class='ocrx_word' id='word_1_266' title='bbox 1694 3201 1796 3273; x_wconf 77' lang='grc' dir='ltr'>τῆς</span> <span class='ocrx_word' id='word_1_267' title='bbox 1844 3200 1942 3259; x_wconf 79' lang='grc' dir='ltr'>νῦν</span> 
     </span>
     <span class='ocr_line' id='line_1_37' title="bbox 344 3281 1943 3359; baseline 0.003 -20"><span class='ocrx_word' id='word_1_268' title='bbox 344 3281 622 3358; x_wconf 84' lang='grc' dir='ltr'>ἐκτήμεθα</span> <span class='ocrx_word' id='word_1_269' title='bbox 663 3283 760 3343; x_wconf 74' lang='grc' dir='ltr'>οὐκ</span> <span class='ocrx_word' id='word_1_270' title='bbox 803 3284 1094 3343; x_wconf 87' lang='grc' dir='ltr'>ἐλάσσονα</span> <span class='ocrx_word' id='word_1_271' title='bbox 1131 3283 1255 3342; x_wconf 67' lang='grc' dir='ltr'>οὐδὲ</span> <span class='ocrx_word' id='word_1_272' title='bbox 1284 3287 1687 3359; x_wconf 80' lang='grc' dir='ltr'>φλαυροτέρην,</span> <span class='ocrx_word' id='word_1_273' title='bbox 1713 3292 1943 3357; x_wconf 89' lang='grc' dir='ltr'>παμφο-</span> 
     </span>
    </p>
   </div>
  </div>
 </body>
</html>
