2192 3409
329 100 392 143 σε
934 96 1305 147 mmmmm
1796 96 1921 162 [π

326 175 436 253 ἔχω
463 174 666 235 ε’λπῶα
704 201 786 253 μη
827 202 892 237 ου
931 175 1134 237 δώσειν
1172 175 1346 252 ὖμέας
1373 173 1532 250 δίκην
1569 177 1651 254 τῷ
1680 176 1927 251 βασιλέῖ

321 266 424 337 τῆς
465 262 834 326 ‹ivam-nimos.
917 263 1048 323 ἀλλ’
1081 263 1214 340 ἐμοί
1249 289 1311 324 τε
1353 262 1620 322 πείθεσθε
1662 263 1759 323 καὶ
1800 265 1927 340 ἐμοὶ

325 349 495 426 ὑμέας
540 348 739 411 αὐτοῦς
781 351 1132 427 ἐπιτρέψατε·
1181 351 1275 410 καὶ
1316 349 1449 427 υμῖν
1496 348 1622 430 ἐγω,
1666 350 1810 411 θεῶν
1854 377 1927 411 τα

323 438 425 497 ἴσα
466 436 758 513 νεμόντων,
786 436 1185 547 υπρδέκομαι*
1150 464 1189 513 η
1215 437 1282 497 οὗ
1320 438 1618 514 συμμίξειν
1656 464 1787 501 τους
1826 466 1927 499 πο-

325 525 566 599 λεμίους,
605 522 644 599 ἦ
689 525 1116 603 συμμίσγοντας
1161 524 1384 585 πολλὰν
1430 523 1927 586 ἐλασσώσεσθαιῖ’

231 600 349 669 12
329 615 518 671 Ταῦτα
547 636 885 676 ακουσαντες
909 615 964 672 οἱ
992 610 1230 675 ’'lewes-⁹
1204 612 1564 689 επιτρέπουσι
1604 612 1793 687 σφέας
1830 638 1924 672 αυ-

323 724 452 761 τους
475 703 554 777 τῷ
579 700 876 779 Διονυσίῳ.
938 727 970 759 ο
1000 698 1141 770 δὲ,’
1104 725 1324 780 αναγων
1350 698 1617 759 ἑκάστοτε
1644 700 1737 758 ἐπὶ
1764 701 1927 781 κέρας

323 784 422 847 τὰς
465 786 604 855 νέας,
648 785 785 851 ὅκως
825 790 978 847 τοῖσι
1019 787 1243 865 ἐρέτῃσι
1283 786 1582 865 χρήσαιτο,
1626 786 1927 849 διέκπλοον

323 872 646 951 ποιεόμενος
683 878 820 953 τῇσι
855 874 1018 950 νηυσὶ
1053 874 1121 933 δι’
1152 873 1467 950 ἀλληλέων,
1509 874 1605 932 καὶ
1638 874 1770 937 τούς
1810 880 1925 935 ἐπι-

323 960 510 1035 βάτας
555 960 830 1032 ὁπλίσειε,
877 961 944 1022 τὸ
989 960 1196 1023 λοιπον
1240 965 1342 1037 τῆς
1386 960 1597 1038 ἡμέρης
1646 960 1749 1025 τὰς
1800 964 1927 1027 νέας

325 1049 523 1127 ἔχεσκε
559 1048 644 1109 ἐπ’
669 1047 968 1131 ἀγκυρέων·
1010 1049 1248 1128 παρεῖχέ
1280 1074 1343 1109 τε
1378 1052 1533 1109 τοῖσι
1550 1047 1712 1108 Ἴωσι
1750 1048 1927 1110 πόνον

323 1136 392 1195 δι’
418 1138 646 1215 η’μέρης.
728 1138 898 1217 μέχρι
921 1138 1028 1214 μέν
1053 1163 1151 1198 νυν
1176 1136 1421 1213 ἡμερέων
1452 1134 1594 1197 “m-(3.
1636 1138 1925 1197 ἐπείθοντό

319 1251 384 1285 τε
418 1227 510 1286 καὶ
543 1227 762 1287 ἐποίευν
802 1224 870 1287 τὰ
911 1223 1294 1301 κελευόμενον·
1334 1228 1407 1302 τῇ
1448 1223 1508 1283 δὲ
1540 1224 1633 1283 ἐπὶ
1666 1223 1919 1302 ταύτῃσι,

241 1351 253 1363 ·
321 1311 402 1393 [οἱ
416 1313 622 1395 Ἴωνες]
651 1314 742 1375 οἶα
769 1312 1009 1376 ἀπαθέες
1035 1310 1220 1375 ἐόντες
1244 1310 1429 1371 πόνων
1454 1309 1715 1371 τοιούτων
1738 1338 1921 1389 τετρυ-

319 1401 478 1475 μένοι
517 1427 580 1460 τε
619 1399 1039 1479 ταλαιπωρίῃσί
1074 1425 1139 1460 τε
1180 1399 1275 1457 καὶ
1314 1397 1501 1477 ἠελίῳ,
1544 1399 1743 1468 ἔλεξαν
1780 1399 1921 1476 προς

321 1488 549 1549 ἐωυτοῦς
567 1486 717 1546 τάδε·
753 1498 788 1523 “
804 1488 929 1547 τίνα
955 1486 1229 1563 δαιμόνων
1252 1486 1613 1564 παραβάντες
1635 1486 1767 1548 τάδε
1792 1484 1921 1547 ἅνα-

321 1574 666 1649 πίμπλαμεν,
689 1574 888 1637 οἵτινες
911 1573 1455 1652 παραφρονήσαντες
1482 1574 1575 1633 καὶ
1596 1574 1921 1637 ἐκπλώσαν-

319 1686 410 1723 τες
445 1665 507 1719 ἐκ
543 1664 644 1721 τοῦ
683 1660 830 1731 νόου,
859 1660 1018 1739 ἀνδρὶ
1041 1662 1261 1721 Φωκαέῖ
1298 1661 1529 1733 ἀλαζόνι
1560 1662 1921 1741 παρεχομένῳ

319 1747 445 1811 νέας
475 1751 622 1824 τρεῖς
661 1740 1054 1827 ἐπιτρέψαντες
1089 1748 1266 1827 ἡμέας
1296 1748 1495 1813 αὐτοῦς
1530 1750 1759 1827 ἔχομεν;
1800 1748 1835 1809 ὁ
1860 1751 1921 1811 δὲ

319 1837 675 1911 παραλαβών
696 1836 892 1914 ἡμέας,
922 1838 1250 1914 λυμαίνεται
1281 1836 1501 1915 λύμῃσι
1538 1835 1918 1912 ἀνηκέστοισι·

321 1923 414 1981 καὶ
459 1922 527 1997 δή
569 1925 782 1985 πολλοὶ
828 1927 933 2001 μὲν
973 1924 1159 2001 ἡμέων
1200 1928 1257 1987 ἐς
1298 1923 1534 1987 νούσους
1574 1923 1917 2007 πεπτώκασι,

319 2010 532 2068 πολλοὶ
577 2010 638 2069 δὲ
691 2011 936 2081 ἐπίδοξοι
987 2010 1165 2072 τώυτὸ
1214 2015 1381 2071 τοῦτο
1436 2011 1744 2071 πείσεσθαί
1788 2016 1917 2072 εἶσι·

317 2094 429 2172 πρό
454 2122 516 2155 τε
540 2097 748 2159 τούτων
771 2103 883 2159 τῶν
909 2102 1090 2159 κακῶν
1115 2097 1251 2175 ἡμῖν
1270 2123 1337 2178 γε
1364 2099 1609 2175 κρέσσον
1636 2098 1729 2157 καὶ
1756 2098 1919 2159 ότιῶν

321 2182 474 2243 ἄλλο
517 2185 745 2245 παθέειν
785 2185 926 2256 ἐστὶ,
979 2187 1072 2246 καὶ
1116 2184 1219 2261 τήν
1270 2186 1599 2261 μέλλουσαν
1654 2185 1919 2263 δουληίην

315 2270 626 2348 ὑπομεῖναι,
651 2272 772 2349 ἥτις
811 2275 987 2343 ἔσται,
1019 2277 1249 2349 μᾶλλον
1288 2270 1325 2347 ἢ
1355 2276 1427 2349 τῇ
1460 2271 1747 2351 παρεούσῃ
1784 2299 1915 2333 συν-

316 2360 566 2438 έχεσθαι.
634 2362 849 2437 φέρετε,
877 2362 978 2420 τοῦ
1005 2364 1212 2420 λοιποῦ
1237 2359 1319 2436 μή
1347 2358 1666 2436 πειθώμεθα
1692 2358 1918 2419 αὖτοῦ.”

314 2453 493 2511 ταῦτα
519 2448 734 2517 ἔλεξαν·
775 2450 868 2507 καὶ
891 2447 1036 2523 μετὰ
1059 2452 1239 2507 ταῦτα
1264 2446 1457 2506 αὐτίκα
1490 2448 1785 2507 πείθεσθαι
1828 2446 1917 2506 οὖ-

314 2534 423 2596 δεὶς
446 2534 637 2609 ἤθελε·
679 2535 826 2605 ἀλλ’,
855 2535 948 2595 οἶα
973 2534 1231 2611 στρατιὴ,
1258 2533 1470 2610 σκηνάς
1504 2559 1567 2594 τε
1604 2533 1920 2610 πηξάμενοι,

315 2626 372 2679 ἐν
407 2624 480 2697 τῇ
513 2621 668 2701 νήσῳ
709 2622 1193 2698 ἐσκιητροφέοντο,
1222 2622 1312 2681 καὶ
1340 2622 1628 2698 ἐσβαίνειν
1663 2620 1763 2680 οὐκ
1796 2622 1913 2681 ἐθέ-

225 2709 294 2764 13
317 2710 528 2767 λεσκον
567 2713 622 2771 ἐς
655 2734 756 2772 τας
789 2710 928 2779 νέας,
965 2707 1080 2769 ὀυδ’
1108 2707 1536 2785 ἀναπειρᾶσθαι.
1620 2708 1915 2771 Μαθόντες

311 2794 378 2853 δὲ
405 2797 582 2855 ταῦτα
619 2796 884 2877 γινόμενα
917 2801 978 2855 ἐκ
1003 2801 1114 2857 τῶν
1139 2796 1335 2857 Ἰώνων
1365 2798 1423 2855 οἱ
1454 2796 1765 2883 στρατηγοὶ
1804 2800 1914 2855 τῶν

313 2882 553 2958 Σαμίων,
581 2884 817 2942 ἐνθαῦτα
859 2882 927 2958 δη
970 2882 1100 2959 παρ’
1127 2883 1362 2947 Αἰάκεος
1403 2888 1503 2944 τοῦ
1546 2878 1914 2948 Συλοσῶντος

314 2970 522 3032 κείνους
557 2969 686 3031 τοῦς
719 2968 989 3045 πρότερον
1025 2971 1236 3046 ἔπεμπε
1277 2970 1541 3050 λόγους“
1510 2998 1541 3030 ο
1569 2969 1798 3047 Αἷακης,
1826 2995 1912 3028 κε·
1938 3044 1943 3049 “

314 3054 586 3113 λευόντων
623 3058 734 3113 τῶν
777 3056 1059 3130 Περσέων,
1109 3055 1365 3130 δεόμενός
1417 3063 1612 3132 σφεων
1666 3060 1911 3139 ἐκλιπεῖν

315 3138 419 3241 τὴν
441 3139 638 3199 Ἰώνων
662 3141 1143 3215 συμμαχίην,-οἶ
1164 3141 1433 3216 Σάμιοι’
1394 3168 1484 3211 ων,
1506 3143 1767 3219 ὀρέωντες
1792 3170 1911 3220 αμα

316 3222 421 3292 μὲν
447 3226 650 3281 ἐοῦσαν
675 3222 908 3297 ἀταξίην
931 3227 1159 3302 πολλὴν
1190 3231 1251 3285 ἐκ
1282 3229 1391 3287 τῶν
1414 3226 1629 3299 Ἰώνων,
1658 3230 1908 3291 ἐδέκοντο
