2192 3409
275 86 366 133 110
863 86 1232 137 ἭΡοΔοωοί·
1736 84 1861 151 [VI.

233 179 238 185 '
271 165 609 244 προσέφερε·
651 166 804 231 ἐνὸῦς
845 168 1050 227 κιθῶνα
1090 166 1269 247 μέγαν
1302 166 1395 227 καὶ
1430 165 1646 227 κόλπον
1682 167 1865 226 πολῦν

267 252 711 331 καταλιπόμενος
747 257 846 313 τοῦ
879 254 1125 321 κιθῶνος,
1153 251 1445 328 κοθόρνους
1485 252 1612 316 τούς
1645 253 1865 329 εὕρισκε

267 340 597 417 εὐρυτάτους
641 340 827 404 ἐόντας
859 339 1300 417 ὖποδησάμενος,
1327 338 1413 415 ἤϊε
1440 344 1493 403 ἐς
1520 340 1617 401 τὸν
1654 342 1863 417 θησαυ-

261 427 362 503 ρόν
411 434 464 491 ἐς
511 427 612 489 τόν
659 430 713 486 οἱ
761 429 1115 507 κατηγέοντο,
1164 428 1422 488 ἐσπεσών
1471 428 1529 487 δὲ
1578 432 1633 491 ἐς
1678 430 1865 506 σωρὸν

264 514 574 595 ψήγματος,
617 518 809 591 πρῶτα
849 518 954 590 μὲν
997 516 1283 591 παρέσαξε
1324 515 1475 593 παρὰ
1510 515 1609 579 τὰς
1650 516 1863 593 κνήμας

261 606 360 662 τοῦ
401 604 617 679 χρυσοῦ
657 600 796 661 ὅσον
830 600 1065 679 ἐχώρεον
1091 604 1147 661 οἱ
1172 602 1447 681 κόθορνοι·
1486 603 1631 680 μετά
1656 604 1733 673 δὲ,
1760 606 1861 666 τὸν

263 688 478 749 κόλπον
517 686 704 748 πάντα
743 687 1108 765 πλησάμενος
1148 694 1382 768 χρυσοῦ,
1412 692 1505 749 καὶ
1530 696 1586 753 ἐς
1610 690 1708 754 τὰς
1746 693 1859 769 τρί-

260 801 367 855 χας
405 779 505 852 τῆς
537 780 794 852 κεφαλῆς
821 775 1100 839 διαπάσας
1125 781 1226 836 τοῦ
1254 777 1563 857 ψήγματος,
1592 779 1683 837 καὶ
1709 777 1860 839 ἄλλο

259 863 460 940 λαβών
507 870 560 926 ἐς
599 863 666 923 τό
697 863 902 941 στόμα,
931 863 1078 939 ἐξήῖε
1121 869 1181 923 ἐκ
1216 870 1315 925 τοῦ
1358 866 1643 941 θησαυροῦ
1683 866 1857 927 ἕλκων

261 948 364 1024 μὲν
401 951 565 1032 μόγις
603 951 734 1014 τοῦς
761 950 1071 1027 κοθόρνους,
1104 953 1270 1012 παντὶ
1297 952 1360 1011 δέ
1384 979 1489 1031 τεῳ
1516 952 1674 1015 οῑκῶς
1697 958 1855 1029 ’μᾶλ-

255 1042 361 1097 λον
401 1037 437 1115 ἢ
480 1037 767 1118 ἀνθρώπῳ·
821 1042 923 1099 τοῦ
968 1040 1035 1099 τό
1081 1064 1143 1099 τε
1190 1039 1379 1115 στόμα
1426 1041 1715 1117 ἐβέβυστο
1764 1042 1855 1099 καὶ

257 1126 440 1187 πάντα
495 1126 786 1208 ἐξόγκωτο.
873 1126 1058 1187 ἰδόντα
1112 1126 1173 1185 δὲ
1218 1126 1319 1186 τὸν
1374 1132 1625 1204 Κροῖσον
1677 1128 1854 1207 γέλως

258 1216 486 1291 ἐσῆλθε·
543 1216 641 1275 καί
683 1218 737 1275 οἱ
788 1214 970 1276 πάντα
1014 1240 1076 1274 τε
1125 1217 1303 1273 ἐκεῖνα
1350 1215 1507 1286 διδοῖ,
1555 1214 1647 1273 καὶ
1694 1215 1852 1291 πρός,

258 1302 416 1380 ἔτερα
476 1303 731 1379 δωρέεται
795 1301 893 1362 οὐκ
955 1302 1189 1361 ἐλάσσω
1243 1305 1476 1363 ἐκείνων.
1558 1302 1699 1362 οὕτω
1748 1305 1853 1378 μὲν

259 1390 573 1465 ἐπλούτησε
602 1389 638 1465 ἦ
675 1391 819 1466 οἰκίη
853 1389 991 1465 αὕτη
1026 1389 1302 1469 μεγάλως·
1346 1392 1439 1450 καὶ
1469 1388 1500 1449 ὁ
1532 1388 1853 1466 Ἀλκμαίων

257 1474 417 1539 οὗτος
471 1476 610 1535 οὕτω
662 1475 1245 1552 τεθριπποτροφήσας,
1290 1476 1649 1554 Ὀλυμπιάδα
1701 1476 1851 1535 α’,ναι-

169 1564 278 1621 126
293 1564 494 1639 ρέεται.
578 1563 741 1622 Meni
789 1563 864 1632 δὲ,
907 1568 1071 1644 γενεῇ
1120 1564 1341 1643 δευτέρῃ
1384 1564 1639 1641 ὕστερον,
1682 1568 1850 1623 Κλει-

257 1652 460 1725 σθένης
497 1677 594 1728 μιν
627 1650 657 1709 ὁ
688 1653 962 1715 Σικυῶνος
985 1651 1249 1728 τύραννος
1276 1651 1498 1729 ἐξήειρε,
1528 1651 1671 1731 ὥστε
1710 1657 1847 1711 πολ-

255 1742 338 1817 λῷ
361 1738 808 1815 ὀνομαστοτέρην
827 1738 1089 1818 γενέσθαι
1118 1744 1175 1798 ἐν
1201 1742 1355 1797 τοῖσι
1372 1738 1625 1815 Ἕλλησι
1651 1737 1687 1814 ἢ
1715 1740 1849 1815 πρό·

257 1850 418 1902 τερον
458 1824 546 1901 ἦν.
630 1824 964 1885 Κλεισθένεϊ
1011 1824 1120 1906 γὰρ
1165 1831 1242 1905 τῷ
1285 1826 1701 1904 Ἀριστωνύμου
1746 1830 1847 1886 τοῦ

255 1912 521 1989 Μύρωνος
559 1917 660 1971 τοῦ
700 1912 938 1989 Ἀνδρέω
980 1913 1193 1994 γίνεται
1236 1914 1479 1994 θυγάτηρ
1524 1918 1595 1991 τῇ
1638 1912 1848 1988 οὕνομα

253 1998 323 2074 ἦν
353 2000 680 2078 Ἀγαρίστη.
762 2000 968 2075 ταύτην
1005 1999 1269 2077 ἠθέλησε,
1306 1999 1594 2075 Ἑλλήνων
1630 2000 1849 2061 πάντων

256 2086 488 2163 ἐξευρὼν
530 2086 631 2145 τὸν
685 2085 931 2164 ἄριστον,
986 2085 1162 2165 τούτῳ
1214 2090 1449 2167 γυναῖκα
1497 2088 1845 2163 προσθεῖναι.

251 2172 577 2250 Ὀλυμπίων
619 2174 691 2234 ὧν
726 2174 922 2235 ἐόντων
955 2174 1047 2233 καὶ
1081 2178 1245 2235 νικῶν
1277 2179 1337 2233 ἐν
1370 2174 1591 2234 αὐτοῖσι
1627 2176 1847 2251 τεθρίπ-

173 2326 180 2331 ,
255 2288 340 2341 mg)
367 2262 399 2323 ὁ
429 2263 794 2339 Κλεισθένης,
823 2262 1079 2344 κήρυγμα
1107 2260 1428 2337 ἐποιήσατο,
1460 2262 1617 2325 ὅστις
1640 2261 1847 2338 Ἑλλή·

255 2376 362 2411 νων
404 2350 601 2411 ἑωυτὸν
650 2350 798 2421 άξιοῖ
839 2351 1213 2413 Κλεισθένεος
1257 2349 1521 2431 γαμβρὸν
1567 2350 1846 2431 γενέσθαι,

255 2436 408 2511 ἥκειν
450 2444 503 2503 ἐς
545 2438 852 2515 ἑξηκοστὴν
885 2438 1096 2515 ἡμέρην
1122 2435 1157 2513 ἦ
1186 2438 1279 2497 καὶ
1302 2437 1573 2515 πρότερον
1608 2442 1663 2500 ἐς
1690 2438 1845 2501 Σικυ-

253 2528 380 2595 ῶνα,
409 2526 498 2593 ὦς,
518 2526 863 2603 κυρώσοντος
889 2526 1264 2588 Κλεισθένεος
1297 2524 1397 2584 τόν
1430 2524 1614 2606 γάμον
1650 2529 1709 2583 ἐν
1746 2528 1846 2583 ἐνι-

252 2616 412 2691 αυτῷ,
457 2612 569 2673 ἀπὸ
609 2618 710 2689 τῆς
753 2612 1055 2689 ἑξηκοστῆς
1101 2612 1412 2689 ἀρξαμένου
1453 2612 1681 2689 ἡμέρης.
1766 2616 1847 2671 ἐν·

253 2700 428 2759 θαῦτα
473 2700 762 2776 Ἑλλήνων
809 2699 939 2759 ὅσοι
985 2700 1163 2775 σφίσι
1206 2726 1269 2759 τε
1312 2698 1533 2759 αὐτοῖσι
1568 2698 1717 2775 ἦσαν
1756 2700 1847 2757 καὶ

251 2785 434 2865 πάτρῃ
457 2786 846 2866 ἐξωγκωμένοι,
865 2786 1121 2860 ἐφοίτεον
1144 2791 1477 2863 μνηστῆρες·
1505 2790 1659 2846 τοῖσι
1676 2790 1846 2845 Κλει-

250 2874 454 2949 σθένης
489 2873 582 2932 καὶ
623 2873 829 2950 δρόμον
857 2873 948 2930 καὶ
973 2874 1331 2949 παλαίστρην
1356 2873 1735 2951 ποιησάμενος
1762 2872 1845 2931 ἐπ’

159 2961 270 3019 127
292 2960 436 3038 αὐτῷ
461 2960 636 3037 τούτῳ
664 2960 796 3037 εἶχε.
853 2958 997 3017 ’An-<3
1025 2964 1128 3036 μὲν
1156 2959 1223 3035 δὴ
1250 2960 1493 3035 Ἰταλίης
1517 2960 1660 3035 ἦλθε
1679 2962 1845 3036 Σμιν-

251 3046 468 3121 δυρίδης
499 3046 530 3105 ὁ
562 3044 956 3121 Ἱπποκράτεος
991 3048 1309 3121 Συβαρίτης
1343 3045 1403 3109 ὃς
1438 3048 1537 3105 ἐπὶ.
1570 3051 1866 3109 πλεῖστον,

251 3130 320 3203 δή
357 3133 557 3207 χλιδῆς
593 3132 668 3193 εἷς
703 3129 846 3207 α’νῆρ
881 3130 1130 3190 ἀπίκετο·
1172 3132 1210 3206 ἦ
1254 3132 1315 3189 δὲ
1348 3130 1594 3208 Σύβαρις
1630 3133 1844 3208 ἤκμαζε

249 3218 448 3276 τοῦτον
480 3217 578 3293 τόν
613 3215 815 3293 χρόνον
849 3216 1122 3293 μάλιστα·
1166 3218 1258 3276 καὶ
1292 3218 1513 3293 Σιρίτης
1549 3218 1841 3295 Δάμασος,

643 3304 668 3323 ,
1840 3306 1846 3313 .
