2192 3409
298 112 545 175 99—102]
969 112 1274 161 OTPANIA.
1677 120 1688 131 ·
1791 115 1884 162 259

296 192 346 251 δ’
380 192 488 269 ἄρα
517 216 609 252 τοι
635 191 1017 269 βεβούλευται
1052 190 1220 252 αύτόν
1246 186 1630 253 ἀπελαύνοντα
1655 190 1892 272 α’ποῖγειν
1929 265 1931 267 q

296 279 401 355 τήν
433 280 720 356 στρατιήν,
756 278 943 355 ἄλλην
974 281 1082 358 ἔχω
1117 280 1210 339 καὶ
1243 283 1303 338 ἐκ
1339 280 1510 341 τῶνδε
1533 279 1775 356 βουλήν·
1817 279 1892 339 σύ

246 404 255 410 -
297 369 545 446 Πέρσας,
560 369 827 443 βασιλεῦ,
854 368 935 445 μὴ
962 368 1208 446 ποιήσῃς
1229 366 1682 448 καταγελάστους
1706 369 1892 448 γενέσ-

296 456 393 515 θαι
407 455 682 531 Ἕλλησι·
724 454 881 515 οὐδὲν
905 455 1014 536 γὰρ
1042 461 1102 517 ἐν
1126 460 1277 516 τοῖσι
1305 457 1572 534 Πέρσῃσι
1599 454 1896 530 δεδήληται

294 548 405 604 τῶν
445 542 801 623 πρηγμάτων,
838 542 965 603 οὐδὲ
1008 548 1147 620 ἐρεῖς
1190 544 1322 604 ὅκου
1365 542 1664 625 ἐγενόμεθα
1705 541 1896 620 ἅνδρες

297 633 476 692 κακοί·
528 636 576 691 εἰ
610 632 671 691 δὲ
706 633 954 695 Φοίνικές
978 658 1041 691 τε
1070 634 1163 691 καὶ
1189 631 1484 713 Αἰγύπτιοι
1523 633 1614 690 καὶ
1650 631 1902 709 Κύπριοί

295 746 359 779 τε
395 721 487 780 καὶ
525 720 756 784 Κίλικες
792 721 951 779 κακοὶ
982 722 1252 802 ἐγένοντο,
1295 719 1452 781 οὐδὲν
1492 721 1632 797 πρὸς
1663 722 1896 797 Πέρσας

296 813 461 868 τοῦτο
482 808 757 886 προσήκει
776 807 842 868 τό
868 807 1066 871 πάθος.
1123 806 1293 883 ᾔδη’
1253 834 1342 877 ων,
1366 807 1554 884 ἐπειδὴ
1582 806 1647 866 ού
1675 808 1897 885 Πέρσαι

295 920 386 955 τοι
412 896 583 955 αἴτιοί
604 901 729 966 εἶσι
758 901 883 972 ἐμοι
862 892 1114 955 πείθεο·
1149 896 1202 955 εἶ
1221 920 1310 955 τοι
1336 894 1587 954 δέδοκται
1613 920 1694 971 μη
1720 919 1896 972 παρα-

298 983 499 1057 μένειν,
540 981 614 1041 σι)
649 986 753 1059 μὲν
795 988 850 1047 ἐς
895 982 1037 1059 ἤθεα
1081 982 1152 1042 τοὶ
1194 986 1440 1043 σεωυτοῦ
1481 980 1760 1042 α’,πέλαυνε
1799 985 1900 1057 τῆς

299 1074 567 1146 στρατιῆς
607 1069 835 1152 απάγων
871 1098 937 1131 το
979 1064 1223 1131 πολλόν·
1273 1073 1370 1147 ἐμὲ
1411 1070 1473 1129 δέ
1507 1094 1603 1129 σοι
1641 1069 1754 1149 χρὴ
1793 1069 1898 1145 τὴν

298 1156 552 1216 Ἑλλάδα
579 1162 895 1239 παρασχεῖν
927 1159 1355 1235 δεδουλωμένην,
1383 1156 1680 1234 τριήκοντα
1705 1156 1896 1234 μυριά-

298 1244 397 1308 δας
426 1249 526 1305 τοῦ
563 1252 808 1325 στρατοῦ
841 1244 1311 1325 ἅπολεξάμενον.”
1391 1249 1578 1305 Ταῦτα
1615 1243 1858 1307 ἀκούσας
1877 1246 1987 1303 101

298 1334 509 1410 Ξέρξης
547 1335 619 1399 ὦς
644 1342 705 1395 ἐκ
732 1338 913 1397 κακῶν
940 1335 1114 1415 ἐχάρη
1149 1360 1212 1395 τε
1239 1334 1333 1393 καὶ
1358 1333 1530 1409 ἥσθη·
1571 1331 1712 1411 πρός
1738 1338 1898 1409 Μαρ-
2025 1326 2044 1341 ’

300 1420 483 1481 δόνιόν
506 1448 585 1494 τε,
614 1422 1073 1501 βουλευσάμενος
1112 1424 1223 1499 ἔφη
1260 1420 1683 1499 ἀποκρινεῖσθαι
1715 1418 1900 1481 ὁκότε-

295 1533 397 1584 ρον
422 1510 649 1586 ποιήσει
673 1511 899 1573 τούτων·
942 1510 1013 1573 ὥς
1039 1511 1098 1571 δὲ
1125 1509 1459 1586 ἐβουλεύετο
1487 1508 1606 1586 ἅμα
1633 1508 1902 1587 Περσέων

298 1599 451 1655 τοῖσι
488 1598 856 1673 ἐπικλήτοισι,
886 1598 1040 1667 ἔδοξέ
1071 1600 1126 1656 οἱ
1163 1598 1255 1656 καὶ
1289 1596 1650 1675 Ἀρτεμισίην
1678 1601 1732 1659 ἐς
1758 1621 1900 1673 συμ-

298 1683 541 1760 βουλίην
594 1685 1081 1764 μεταπέμψασθαι,
1155 1684 1242 1745 ὅτι
1297 1685 1570 1762 πρότερον
1639 1685 1900 1760 ἐφαίνετο

298 1769 478 1847 μούνη
526 1772 763 1832 νοέουσα
807 1774 879 1832 τσῖ
924 1774 1160 1848 ποιητέα
1210 1771 1298 1848 ἦν·
1357 1771 1429 1836 ὥς
1475 1772 1544 1831 δὲ’
1582 1772 1812 1832 ἀπίκετο
1863 1772 1903 1848 ἦ

299 1856 645 1936 Ἀρτεμισίη,
686 1859 1185 1937 μεταστησάμενος
1223 1859 1352 1924 τούς
1391 1859 1617 1931 ἄλλους,
1662 1860 1794 1923 τούς
1838 1886 1901 1919 τε

300 1946 665 2023 συμβούλους
709 1950 974 2026 Περσέων
1028 1948 1120 2006 καὶ
1170 1946 1298 2011 τοῦς
1339 1948 1697 2026 δορυφόρους,
1748 1948 1902 2016 ἔλεξε

300 2035 509 2113 Ξέρξης
528 2035 677 2096 τάδε·
707 2047 741 2072 “
760 2036 971 2096 κελεύει
990 2040 1063 2114 μὲ
1084 2035 1413 2113 Μαρδόνιος,
1445 2037 1684 2113 μένοντα
1711 2033 1899 2104 αὐτοῦ,

298 2125 599 2201 πειρᾶσθαι
625 2129 727 2202 τῆς
746 2123 1214 2200 Πελοποννήσου·
1248 2125 1428 2204 λέγων
1455 2124 1524 2187 ὥς
1550 2122 1649 2200 μοι
1681 2125 1902 2201 Πέρσαι

298 2236 360 2270 τε
406 2212 497 2270 καὶ
538 2212 572 2271 ὅ
613 2211 780 2283 πεζὰς
821 2210 1064 2289 στρατός
1113 2210 1332 2275 ούδενὸς
1373 2214 1645 2288 μεταίτιοι
1691 2211 1898 2274 πάθεός

302 2302 429 2367 εἶσι,
473 2295 625 2361 ἀλλὰ
666 2299 1079 2377 βουλομένοισί
1120 2305 1234 2374 σφι
1267 2299 1466 2379 γένοιτ’
1513 2298 1582 2358 ἂν
1621 2297 1899 2368 ἀπόδεξις.

300 2387 399 2460 ἐμὲ
425 2384 499 2444 ὧν
522 2384 561 2461 ἢ
586 2391 763 2447 ταῦτα
802 2386 1011 2446 κελεύει
1036 2388 1260 2458 ποιέειν,
1286 2385 1326 2464 ἢ
1353 2386 1519 2451 αὖτός
1544 2387 1723 2446 ἐθέλει
1746 2384 1896 2463 τριή-

300 2497 470 2532 κοντα
509 2474 778 2551 μυριάδας
820 2473 1234 2551 ἀπολεξάμενος
1278 2480 1380 2536 τοῧ
1427 2478 1672 2551 στρατοῦ
1719 2498 1896 2551 παρα-

298 2564 463 2639 σχεῖν
494 2587 592 2638 μοι
626 2561 731 2637 τὴν
762 2560 1017 2621 Ἑλλάδα
1056 2562 1488 2641 δεδουλωμένην·
1530 2560 1698 2622 αὐτὸν
1729 2560 1792 2621 δέ
1823 2586 1896 2638 με

299 2647 511 2707 κελεύει
536 2647 869 2711 ἀπελαύνειν
891 2648 1001 2711 σῦν
1024 2654 1104 2730 τῷ
1127 2654 1310 2729 λοιπῷ
1335 2655 1560 2730 στρατῷ
1585 2654 1640 2713 ἐς
1663 2647 1804 2725 ἤθεα
1827 2649 1900 2708 ταῖ

298 2735 423 2813 ἐμά.
507 2738 583 2797 cn)
621 2737 697 2797 ὧν
728 2738 867 2815 ἐμοὶ,
908 2738 998 2797 καὶ
1030 2737 1145 2820 γαρ
1177 2739 1306 2815 περὶ
1345 2744 1446 2813 τῆς
1485 2738 1796 2817 ναυμαχίης
1839 2734 1899 2796 εὖ
1969 2801 1973 2805 ,

296 2825 755 2901 συνεβούλευσας
784 2830 885 2901 τῆς
922 2826 1224 2907 γενομένης
1264 2824 1364 2885 οὐκ
1407 2830 1557 2885 ἐῶσα
1587 2826 1898 2895 ποιέεσθαι,

296 2915 393 2971 νῦν
432 2938 495 2974 τε
540 2912 981 2991 συμβούλευσον
1024 2912 1258 2989 ὁκότερα
1303 2914 1504 2972 ποιέων
1551 2913 1792 2990 ἐπιτύχω
1840 2910 1900 2970 εὖ

296 2999 807 3078 βσυλευσάμενος.”
872 2999 943 3058 ‘O
968 3002 1073 3076 μὲν
1103 3002 1281 3058 ταῦτα
1318 2999 1778 3076 συνεβουλεύετο·
1820 2998 1858 3071 ἦ
1880 3001 1993 3057 102

298 3087 359 3145 δὲ
398 3092 551 3169 λέγει
592 3088 745 3147 τάδε·
802 3096 838 3122 “
852 3088 1120 3162 βασιλεῦ,
1163 3085 1418 3163 χαλεπόν
1447 3086 1552 3162 μέν
1594 3088 1718 3143 ἐστι
1758 3108 1898 3157 συμ-

297 3176 689 3254 βουλευομένῳ
723 3176 915 3252 τυχεῖν
944 3171 1017 3233 *td
1049 3171 1255 3248 ἄριστα
1286 3172 1544 3231 εἴπασαν·
1589 3171 1680 3229 ἐπὶ
1709 3170 1898 3245 μέντοι

297 3264 451 3319 τοῖσι
487 3261 794 3336 κατήκουσι
826 3258 1141 3339 πρήγμασι,
1170 3257 1346 3317 δοκέει
1380 3283 1480 3335 μοι
1505 3256 1674 3317 αύτόν
1700 3256 1802 3331 μέν
1828 3280 1898 3313 σε
