<?xml version="1.0" encoding="UTF-8"?>
<!DOCTYPE html PUBLIC "-//W3C//DTD XHTML 1.0 Transitional//EN"
    "http://www.w3.org/TR/xhtml1/DTD/xhtml1-transitional.dtd">
<html xmlns="http://www.w3.org/1999/xhtml" xml:lang="en" lang="en">
 <head>
  <title>
</title>
<meta http-equiv="Content-Type" content="text/html;charset=utf-8" />
  <meta name='ocr-system' content='tesseract 3.04.00' />
  <meta name='ocr-capabilities' content='ocr_page ocr_carea ocr_par ocr_line ocrx_word'/>
</head>
<body>
  <div class='ocr_page' id='page_1' title='image "./herodotus14herogoog_0060.png"; bbox 0 0 2192 3409; ppageno 0'>
   <div class='ocr_carea' id='block_1_1' title="bbox 199 72 1899 3299">
    <p class='ocr_par' dir='ltr' id='par_1_1' title="bbox 287 72 1895 396">
     <span class='ocr_line' id='line_1_1' title="bbox 287 72 1887 139; baseline -0.001 -14"><span class='ocrx_word' id='word_1_1' title='bbox 287 78 351 127; x_wconf 76' lang='lat'>52</span> <span class='ocrx_word' id='word_1_2' title='bbox 898 72 1267 122; x_wconf 69' lang='grc' dir='ltr'>ΉΡοΔοωοτ·</span> <span class='ocrx_word' id='word_1_3' title='bbox 1791 72 1887 139; x_wconf 86' lang='lat' dir='ltr'>[v.</span> 
     </span>
     <span class='ocr_line' id='line_1_2' title="bbox 287 147 1893 230; baseline -0.011 -14"><span class='ocrx_word' id='word_1_4' title='bbox 287 154 540 215; x_wconf 80' lang='grc' dir='ltr'>ἐπείθετο</span> <span class='ocrx_word' id='word_1_5' title='bbox 566 153 662 212; x_wconf 86' lang='grc' dir='ltr'>καί</span> <span class='ocrx_word' id='word_1_6' title='bbox 682 178 780 230; x_wconf 89' lang='grc' dir='ltr'>μιν</span> <span class='ocrx_word' id='word_1_7' title='bbox 808 150 974 222; x_wconf 74' lang='grc' dir='ltr'>ἀπίει,</span> <span class='ocrx_word' id='word_1_8' title='bbox 1017 147 1399 225; x_wconf 79' lang='grc' dir='ltr'>ἐντειλάμενος</span> <span class='ocrx_word' id='word_1_9' title='bbox 1430 149 1599 211; x_wconf 71' lang='grc' dir='ltr'>ἐπεὰν</span> <span class='ocrx_word' id='word_1_10' title='bbox 1624 150 1695 211; x_wconf 75' lang='grc' dir='ltr'>τὰ</span> <span class='ocrx_word' id='word_1_11' title='bbox 1722 151 1893 214; x_wconf 83' lang='grc' dir='ltr'>ύπέσ.</span> 
     </span>
     <span class='ocr_line' id='line_1_3' title="bbox 290 238 1895 324; baseline 0 -20"><span class='ocrx_word' id='word_1_12' title='bbox 290 243 426 324; x_wconf 84' lang='grc' dir='ltr'>χετό</span> <span class='ocrx_word' id='word_1_13' title='bbox 461 246 514 304; x_wconf 79' lang='grc' dir='ltr'>οἱ</span> <span class='ocrx_word' id='word_1_14' title='bbox 547 241 808 303; x_wconf 81' lang='grc' dir='ltr'>ἐπιτελέα</span> <span class='ocrx_word' id='word_1_15' title='bbox 839 238 1074 317; x_wconf 77' lang='grc' dir='ltr'>ποιήσῃ,</span> <span class='ocrx_word' id='word_1_16' title='bbox 1108 238 1522 318; x_wconf 88' lang='grc' dir='ltr'>παραγίνεσθαί</span> <span class='ocrx_word' id='word_1_17' title='bbox 1542 242 1597 298; x_wconf 81' lang='grc' dir='ltr'>οἱ</span> <span class='ocrx_word' id='word_1_18' title='bbox 1628 239 1811 300; x_wconf 84' lang='grc' dir='ltr'>ὀπίσω</span> <span class='ocrx_word' id='word_1_19' title='bbox 1840 247 1895 304; x_wconf 82' lang='grc' dir='ltr'>ἐς</span> 
     </span>
     <span class='ocr_line' id='line_1_4' title="bbox 288 332 598 396; baseline -0.006 -5"><span class='ocrx_word' id='word_1_20' title='bbox 288 332 360 391; x_wconf 72' lang='grc' dir='ltr'>τὰ</span> <span class='ocrx_word' id='word_1_21' title='bbox 390 334 598 396; x_wconf 79' lang='grc' dir='ltr'>Σοῦσα.</span> 
     </span>
    </p>

    <p class='ocr_par' dir='ltr' id='par_1_2' title="bbox 199 412 1895 1109">
     <span class='ocr_line' id='line_1_5' title="bbox 199 412 1895 497; baseline -0.003 -17"><span class='ocrx_word' id='word_1_22' title='bbox 199 423 312 480; x_wconf 88' lang='grc'>108</span> <span class='ocrx_word' id='word_1_23' title='bbox 395 419 492 478; x_wconf 86' lang='grc' dir='ltr'>Ἐν</span> <span class='ocrx_word' id='word_1_24' title='bbox 527 414 582 497; x_wconf 74' lang='grc' dir='ltr'>’ᾧ</span> <span class='ocrx_word' id='word_1_25' title='bbox 629 417 688 475; x_wconf 84' lang='grc' dir='ltr'>δὲ</span> <span class='ocrx_word' id='word_1_26' title='bbox 734 415 972 495; x_wconf 76' lang='grc' dir='ltr'>ἀγγελίη</span> <span class='ocrx_word' id='word_1_27' title='bbox 1012 440 1076 475; x_wconf 86' lang='grc' dir='ltr'>τε</span> <span class='ocrx_word' id='word_1_28' title='bbox 1118 412 1245 491; x_wconf 78' lang='grc' dir='ltr'>περὶ</span> <span class='ocrx_word' id='word_1_29' title='bbox 1290 416 1400 474; x_wconf 81' lang='grc' dir='ltr'>τῶν</span> <span class='ocrx_word' id='word_1_30' title='bbox 1448 414 1696 492; x_wconf 81' lang='grc' dir='ltr'>Σαρδίων</span> <span class='ocrx_word' id='word_1_31' title='bbox 1741 418 1895 497; x_wconf 72' lang='grc' dir='ltr'>παρὰ</span> 
     </span>
     <span class='ocr_line' id='line_1_6' title="bbox 289 499 1895 582; baseline 0 -19"><span class='ocrx_word' id='word_1_32' title='bbox 289 507 542 582; x_wconf 79' lang='grc' dir='ltr'>βασιλέα</span> <span class='ocrx_word' id='word_1_33' title='bbox 563 502 734 579; x_wconf 79' lang='grc' dir='ltr'>οἷνήῖε,</span> <span class='ocrx_word' id='word_1_34' title='bbox 762 504 854 561; x_wconf 84' lang='grc' dir='ltr'>καὶ</span> <span class='ocrx_word' id='word_1_35' title='bbox 876 506 1113 581; x_wconf 79' lang='grc' dir='ltr'>Δαρεῖος</span> <span class='ocrx_word' id='word_1_36' title='bbox 1136 501 1209 563; x_wconf 74' lang='grc' dir='ltr'>τσῖ</span> <span class='ocrx_word' id='word_1_37' title='bbox 1233 502 1361 579; x_wconf 76' lang='grc' dir='ltr'>περὶ</span> <span class='ocrx_word' id='word_1_38' title='bbox 1378 499 1445 562; x_wconf 80' lang='grc' dir='ltr'>τὸ</span> <span class='ocrx_word' id='word_1_39' title='bbox 1465 502 1629 572; x_wconf 78' lang='grc' dir='ltr'>τόξον</span> <span class='ocrx_word' id='word_1_40' title='bbox 1648 504 1895 579; x_wconf 82' lang='grc' dir='ltr'>ποιήσας</span> 
     </span>
     <span class='ocr_line' id='line_1_7' title="bbox 289 589 1895 671; baseline -0.001 -19"><span class='ocrx_word' id='word_1_41' title='bbox 289 592 535 671; x_wconf 74' lang='grc' dir='ltr'>Ἱστιαίῳ</span> <span class='ocrx_word' id='word_1_42' title='bbox 577 596 632 653; x_wconf 87' lang='grc' dir='ltr'>ἐς</span> <span class='ocrx_word' id='word_1_43' title='bbox 671 591 878 671; x_wconf 80' lang='grc' dir='ltr'>λόγους</span> <span class='ocrx_word' id='word_1_44' title='bbox 913 589 1074 667; x_wconf 89' lang='grc' dir='ltr'>ἦλθε,</span> <span class='ocrx_word' id='word_1_45' title='bbox 1108 592 1202 649; x_wconf 80' lang='grc' dir='ltr'>καὶ</span> <span class='ocrx_word' id='word_1_46' title='bbox 1237 589 1501 653; x_wconf 77' lang='grc' dir='ltr'>Ἱστιαῖος</span> <span class='ocrx_word' id='word_1_47' title='bbox 1531 593 1895 669; x_wconf 77' lang='grc' dir='ltr'>μεμετιμένος</span> 
     </span>
     <span class='ocr_line' id='line_1_8' title="bbox 292 677 1895 759; baseline -0.001 -19"><span class='ocrx_word' id='word_1_48' title='bbox 292 679 403 740; x_wconf 64' lang='lat' dir='ltr'>ivd</span> <span class='ocrx_word' id='word_1_49' title='bbox 460 680 701 755; x_wconf 85' lang='grc' dir='ltr'>Δαρείου</span> <span class='ocrx_word' id='word_1_50' title='bbox 755 680 1036 755; x_wconf 81' lang='grc' dir='ltr'>ἐκομίζετο</span> <span class='ocrx_word' id='word_1_51' title='bbox 1083 678 1177 737; x_wconf 81' lang='grc' dir='ltr'>ἐπὶ</span> <span class='ocrx_word' id='word_1_52' title='bbox 1223 677 1544 739; x_wconf 78' lang='grc' dir='ltr'>θάλασσαν·</span> <span class='ocrx_word' id='word_1_53' title='bbox 1608 684 1667 739; x_wconf 85' lang='grc' dir='ltr'>ἐν</span> <span class='ocrx_word' id='word_1_54' title='bbox 1718 679 1895 759; x_wconf 73' lang='grc' dir='ltr'>τούτῳ</span> 
     </span>
     <span class='ocr_line' id='line_1_9' title="bbox 290 765 1894 847; baseline 0.001 -22"><span class='ocrx_word' id='word_1_55' title='bbox 290 766 458 827; x_wconf 83' lang='grc' dir='ltr'>παντὶ</span> <span class='ocrx_word' id='word_1_56' title='bbox 481 771 559 845; x_wconf 76' lang='grc' dir='ltr'>τῷ</span> <span class='ocrx_word' id='word_1_57' title='bbox 582 766 765 846; x_wconf 77' lang='grc' dir='ltr'>χρόνῳ</span> <span class='ocrx_word' id='word_1_58' title='bbox 793 767 1004 847; x_wconf 90' lang='grc' dir='ltr'>ἐγίνετο</span> <span class='ocrx_word' id='word_1_59' title='bbox 1030 765 1179 827; x_wconf 74' lang='grc' dir='ltr'>τάδε·</span> <span class='ocrx_word' id='word_1_60' title='bbox 1207 768 1593 843; x_wconf 82' lang='grc' dir='ltr'>πολιορκέοντι</span> <span class='ocrx_word' id='word_1_61' title='bbox 1612 772 1689 846; x_wconf 68' lang='grc' dir='ltr'>τῷ</span> <span class='ocrx_word' id='word_1_62' title='bbox 1709 769 1894 831; x_wconf 83' lang='grc' dir='ltr'>Σαλα-</span> 
     </span>
     <span class='ocr_line' id='line_1_10' title="bbox 286 853 1895 936; baseline 0.001 -23"><span class='ocrx_word' id='word_1_63' title='bbox 286 855 452 934; x_wconf 78' lang='grc' dir='ltr'>μινίῳ</span> <span class='ocrx_word' id='word_1_64' title='bbox 489 854 779 934; x_wconf 71' lang='grc' dir='ltr'>Ὀνησίλῳ</span> <span class='ocrx_word' id='word_1_65' title='bbox 814 853 1228 931; x_wconf 83' lang='grc' dir='ltr'>Ἀμαθουσίους</span> <span class='ocrx_word' id='word_1_66' title='bbox 1271 855 1686 936; x_wconf 79' lang='grc' dir='ltr'>ἐξαγγέλλεται,</span> <span class='ocrx_word' id='word_1_67' title='bbox 1728 857 1895 931; x_wconf 77' lang='grc' dir='ltr'>νηυσὶ</span> 
     </span>
     <span class='ocr_line' id='line_1_11' title="bbox 293 940 1895 1023; baseline -0.001 -20"><span class='ocrx_word' id='word_1_68' title='bbox 293 943 565 1020; x_wconf 79' lang='grc' dir='ltr'>στρατιὴν</span> <span class='ocrx_word' id='word_1_69' title='bbox 585 943 811 1018; x_wconf 76' lang='grc' dir='ltr'>πολλὴν</span> <span class='ocrx_word' id='word_1_70' title='bbox 838 940 1046 1023; x_wconf 77' lang='grc' dir='ltr'>ἄγοντα</span> <span class='ocrx_word' id='word_1_71' title='bbox 1067 942 1358 1017; x_wconf 77' lang='grc' dir='ltr'>Περσικὴν</span> <span class='ocrx_word' id='word_1_72' title='bbox 1377 940 1695 1018; x_wconf 76' lang='grc' dir='ltr'>Ἀρτύβιον,</span> <span class='ocrx_word' id='word_1_73' title='bbox 1723 942 1895 1020; x_wconf 78' lang='grc' dir='ltr'>ἄνδρα</span> 
     </span>
     <span class='ocr_line' id='line_1_12' title="bbox 295 1029 1894 1109; baseline -0.001 -18"><span class='ocrx_word' id='word_1_74' title='bbox 295 1033 544 1109; x_wconf 83' lang='grc' dir='ltr'>Πέρσην,</span> <span class='ocrx_word' id='word_1_75' title='bbox 586 1029 970 1108; x_wconf 87' lang='grc' dir='ltr'>προσδόκιμον</span> <span class='ocrx_word' id='word_1_76' title='bbox 1013 1034 1068 1092; x_wconf 84' lang='grc' dir='ltr'>ἐς</span> <span class='ocrx_word' id='word_1_77' title='bbox 1107 1029 1210 1107; x_wconf 82' lang='grc' dir='ltr'>τήν</span> <span class='ocrx_word' id='word_1_78' title='bbox 1252 1029 1485 1106; x_wconf 80' lang='grc' dir='ltr'>Κύπρον</span> <span class='ocrx_word' id='word_1_79' title='bbox 1521 1030 1675 1089; x_wconf 82' lang='grc' dir='ltr'>εἶναι·</span> <span class='ocrx_word' id='word_1_80' title='bbox 1724 1031 1894 1091; x_wconf 88' lang='grc' dir='ltr'>πυθό-</span> 
     </span>
    </p>

    <p class='ocr_par' dir='ltr' id='par_1_3' title="bbox 250 1116 1899 1636">
     <span class='ocr_line' id='line_1_13' title="bbox 250 1116 1893 1197; baseline 0 -16"><span class='ocrx_word' id='word_1_81' title='bbox 250 1192 255 1197; x_wconf 43' lang='grc'>,</span> <span class='ocrx_word' id='word_1_82' title='bbox 291 1146 456 1197; x_wconf 88' lang='grc' dir='ltr'>μενος</span> <span class='ocrx_word' id='word_1_83' title='bbox 498 1121 557 1180; x_wconf 76' lang='grc' dir='ltr'>δὲ</span> <span class='ocrx_word' id='word_1_84' title='bbox 593 1123 768 1181; x_wconf 86' lang='grc' dir='ltr'>ταῦτα</span> <span class='ocrx_word' id='word_1_85' title='bbox 812 1118 844 1179; x_wconf 77' lang='grc' dir='ltr'>ὁ</span> <span class='ocrx_word' id='word_1_86' title='bbox 886 1117 1208 1195; x_wconf 78' lang='grc' dir='ltr'>Ὀνήσιλος,</span> <span class='ocrx_word' id='word_1_87' title='bbox 1252 1116 1491 1193; x_wconf 88' lang='grc' dir='ltr'>κήρυκας</span> <span class='ocrx_word' id='word_1_88' title='bbox 1534 1118 1799 1195; x_wconf 83' lang='grc' dir='ltr'>διέπεμπε</span> <span class='ocrx_word' id='word_1_89' title='bbox 1839 1124 1893 1181; x_wconf 84' lang='grc' dir='ltr'>ἐς</span> 
     </span>
     <span class='ocr_line' id='line_1_14' title="bbox 292 1204 1893 1287; baseline -0.001 -17"><span class='ocrx_word' id='word_1_90' title='bbox 292 1208 398 1287; x_wconf 72' lang='grc' dir='ltr'>τήν</span> <span class='ocrx_word' id='word_1_91' title='bbox 431 1208 641 1287; x_wconf 85' lang='grc' dir='ltr'>Ἰωνίην</span> <span class='ocrx_word' id='word_1_92' title='bbox 677 1204 1107 1285; x_wconf 87' lang='grc' dir='ltr'>ἐπικαλεύμενός</span> <span class='ocrx_word' id='word_1_93' title='bbox 1144 1211 1345 1283; x_wconf 85' lang='grc' dir='ltr'>σφεας·</span> <span class='ocrx_word' id='word_1_94' title='bbox 1387 1204 1569 1269; x_wconf 85' lang='grc' dir='ltr'>Ἴωνες</span> <span class='ocrx_word' id='word_1_95' title='bbox 1604 1206 1663 1264; x_wconf 85' lang='grc' dir='ltr'>δὲ</span> <span class='ocrx_word' id='word_1_96' title='bbox 1704 1205 1803 1265; x_wconf 75' lang='grc' dir='ltr'>οὐκ</span> <span class='ocrx_word' id='word_1_97' title='bbox 1838 1212 1893 1269; x_wconf 89' lang='grc' dir='ltr'>ἐς</span> 
     </span>
     <span class='ocr_line' id='line_1_15' title="bbox 290 1291 1892 1375; baseline -0.002 -19"><span class='ocrx_word' id='word_1_98' title='bbox 290 1297 512 1375; x_wconf 75' lang='grc' dir='ltr'>μακρῆν</span> <span class='ocrx_word' id='word_1_99' title='bbox 529 1294 983 1373; x_wconf 78' lang='grc' dir='ltr'>βουλευσάμενοι</span> <span class='ocrx_word' id='word_1_100' title='bbox 1003 1293 1142 1371; x_wconf 85' lang='grc' dir='ltr'>ἧκον</span> <span class='ocrx_word' id='word_1_101' title='bbox 1163 1297 1361 1372; x_wconf 77' lang='grc' dir='ltr'>πολλῷ</span> <span class='ocrx_word' id='word_1_102' title='bbox 1382 1291 1591 1372; x_wconf 76' lang='grc' dir='ltr'>στόλῳ.</span> <span class='ocrx_word' id='word_1_103' title='bbox 1638 1292 1812 1357; x_wconf 87' lang='grc' dir='ltr'>Ἰωνές</span> <span class='ocrx_word' id='word_1_104' title='bbox 1830 1320 1892 1353; x_wconf 85' lang='grc' dir='ltr'>τε</span> 
     </span>
     <span class='ocr_line' id='line_1_16' title="bbox 293 1381 1899 1462; baseline -0.001 -19"><span class='ocrx_word' id='word_1_105' title='bbox 293 1384 360 1459; x_wconf 78' lang='grc' dir='ltr'>δὴ</span> <span class='ocrx_word' id='word_1_106' title='bbox 400 1390 666 1461; x_wconf 83' lang='grc' dir='ltr'>παρῆσαν</span> <span class='ocrx_word' id='word_1_107' title='bbox 708 1390 762 1447; x_wconf 87' lang='grc' dir='ltr'>ἐς</span> <span class='ocrx_word' id='word_1_108' title='bbox 801 1383 906 1459; x_wconf 76' lang='grc' dir='ltr'>τήν</span> <span class='ocrx_word' id='word_1_109' title='bbox 947 1383 1195 1459; x_wconf 80' lang='grc' dir='ltr'>Κύπρον,</span> <span class='ocrx_word' id='word_1_110' title='bbox 1240 1382 1331 1440; x_wconf 84' lang='grc' dir='ltr'>καὶ</span> <span class='ocrx_word' id='word_1_111' title='bbox 1372 1383 1425 1439; x_wconf 79' lang='grc' dir='ltr'>οἷ</span> <span class='ocrx_word' id='word_1_112' title='bbox 1467 1381 1689 1458; x_wconf 82' lang='grc' dir='ltr'>Πέρσαι</span> <span class='ocrx_word' id='word_1_113' title='bbox 1728 1388 1899 1462; x_wconf 82' lang='grc' dir='ltr'>νηυσὶ</span> 
     </span>
     <span class='ocr_line' id='line_1_17' title="bbox 293 1468 1891 1547; baseline -0.001 -18"><span class='ocrx_word' id='word_1_114' title='bbox 293 1471 588 1547; x_wconf 79' lang='grc' dir='ltr'>διαβάντες</span> <span class='ocrx_word' id='word_1_115' title='bbox 621 1476 681 1531; x_wconf 84' lang='grc' dir='ltr'>ἐκ</span> <span class='ocrx_word' id='word_1_116' title='bbox 717 1474 818 1545; x_wconf 81' lang='grc' dir='ltr'>τῆς</span> <span class='ocrx_word' id='word_1_117' title='bbox 852 1472 1113 1545; x_wconf 88' lang='grc' dir='ltr'>Κιλικίης</span> <span class='ocrx_word' id='word_1_118' title='bbox 1145 1470 1315 1547; x_wconf 81' lang='grc' dir='ltr'>ἤϊσαν</span> <span class='ocrx_word' id='word_1_119' title='bbox 1349 1469 1441 1527; x_wconf 83' lang='grc' dir='ltr'>ἐπὶ</span> <span class='ocrx_word' id='word_1_120' title='bbox 1466 1468 1571 1544; x_wconf 83' lang='grc' dir='ltr'>τήν</span> <span class='ocrx_word' id='word_1_121' title='bbox 1598 1471 1891 1547; x_wconf 83' lang='grc' dir='ltr'>Σαλαμῖνα</span> 
     </span>
     <span class='ocr_line' id='line_1_18' title="bbox 293 1556 1891 1636; baseline -0.001 -19"><span class='ocrx_word' id='word_1_122' title='bbox 293 1560 450 1636; x_wconf 83' lang='grc' dir='ltr'>πεζῇ·</span> <span class='ocrx_word' id='word_1_123' title='bbox 507 1562 643 1635; x_wconf 77' lang='grc' dir='ltr'>τῇσι</span> <span class='ocrx_word' id='word_1_124' title='bbox 687 1557 746 1615; x_wconf 84' lang='grc' dir='ltr'>δὲ</span> <span class='ocrx_word' id='word_1_125' title='bbox 799 1558 964 1632; x_wconf 84' lang='grc' dir='ltr'>νηυσὶ</span> <span class='ocrx_word' id='word_1_126' title='bbox 1006 1560 1062 1617; x_wconf 78' lang='grc' dir='ltr'>οἱ</span> <span class='ocrx_word' id='word_1_127' title='bbox 1104 1559 1350 1621; x_wconf 89' lang='grc' dir='ltr'>Φοίνικες</span> <span class='ocrx_word' id='word_1_128' title='bbox 1404 1556 1749 1633; x_wconf 88' lang='grc' dir='ltr'>περιέπλωον</span> <span class='ocrx_word' id='word_1_129' title='bbox 1788 1557 1891 1633; x_wconf 72' lang='grc' dir='ltr'>τήν</span> 
     </span>
    </p>

    <p class='ocr_par' dir='ltr' id='par_1_4' title="bbox 200 1644 1892 2865">
     <span class='ocr_line' id='line_1_19' title="bbox 200 1644 1891 1722; baseline -0.001 -17"><span class='ocrx_word' id='word_1_130' title='bbox 200 1650 312 1705; x_wconf 88' lang='grc'>109</span> <span class='ocrx_word' id='word_1_131' title='bbox 333 1644 509 1721; x_wconf 73' lang='grc' dir='ltr'>α”κρην</span> <span class='ocrx_word' id='word_1_132' title='bbox 535 1646 593 1703; x_wconf 78' lang='grc' dir='ltr'>αἳ</span> <span class='ocrx_word' id='word_1_133' title='bbox 619 1647 914 1704; x_wconf 84' lang='grc' dir='ltr'>καλεῦνται</span> <span class='ocrx_word' id='word_1_134' title='bbox 941 1646 1183 1720; x_wconf 79' lang='grc' dir='ltr'>Κληΐδες</span> <span class='ocrx_word' id='word_1_135' title='bbox 1215 1649 1315 1722; x_wconf 83' lang='grc' dir='ltr'>τῆς</span> <span class='ocrx_word' id='word_1_136' title='bbox 1348 1644 1599 1721; x_wconf 85' lang='grc' dir='ltr'>Κύπρου.</span> <span class='ocrx_word' id='word_1_137' title='bbox 1682 1644 1891 1703; x_wconf 89' lang='grc' dir='ltr'>Τούτου</span> 
     </span>
     <span class='ocr_line' id='line_1_20' title="bbox 293 1732 1889 1812; baseline 0.001 -21"><span class='ocrx_word' id='word_1_138' title='bbox 293 1732 352 1791; x_wconf 86' lang='grc' dir='ltr'>δὲ</span> <span class='ocrx_word' id='word_1_139' title='bbox 366 1732 618 1793; x_wconf 88' lang='grc' dir='ltr'>τοιούτου</span> <span class='ocrx_word' id='word_1_140' title='bbox 637 1733 948 1812; x_wconf 81' lang='grc' dir='ltr'>γινομένου,</span> <span class='ocrx_word' id='word_1_141' title='bbox 971 1732 1166 1801; x_wconf 81' lang='grc' dir='ltr'>ἔλεξαν</span> <span class='ocrx_word' id='word_1_142' title='bbox 1192 1737 1246 1792; x_wconf 82' lang='grc' dir='ltr'>οἱ</span> <span class='ocrx_word' id='word_1_143' title='bbox 1264 1732 1520 1809; x_wconf 84' lang='grc' dir='ltr'>τύραννοι</span> <span class='ocrx_word' id='word_1_144' title='bbox 1538 1735 1638 1807; x_wconf 74' lang='grc' dir='ltr'>τῆς</span> <span class='ocrx_word' id='word_1_145' title='bbox 1660 1732 1889 1810; x_wconf 88' lang='grc' dir='ltr'>Κύπρου</span> 
     </span>
     <span class='ocr_line' id='line_1_21' title="bbox 293 1818 1889 1901; baseline 0.001 -22"><span class='ocrx_word' id='word_1_146' title='bbox 293 1820 746 1901; x_wconf 80' lang='grc' dir='ltr'>συγκαλέσαντες</span> <span class='ocrx_word' id='word_1_147' title='bbox 759 1824 880 1880; x_wconf 74' lang='grc' dir='ltr'>’τῶν</span> <span class='ocrx_word' id='word_1_148' title='bbox 904 1819 1101 1880; x_wconf 78' lang='grc' dir='ltr'>Ἰώνων</span> <span class='ocrx_word' id='word_1_149' title='bbox 1119 1820 1249 1885; x_wconf 75' lang='grc' dir='ltr'>τοῦς</span> <span class='ocrx_word' id='word_1_150' title='bbox 1267 1818 1634 1899; x_wconf 86' lang='grc' dir='ltr'>στρατηγούς·</span> <span class='ocrx_word' id='word_1_151' title='bbox 1663 1819 1889 1900; x_wconf 52' lang='grc' dir='ltr'>((ἅνδρες</span> 
     </span>
     <span class='ocr_line' id='line_1_22' title="bbox 283 1906 1889 1985; baseline 0 -18"><span class='ocrx_word' id='word_1_152' title='bbox 283 1906 482 1979; x_wconf 83' lang='grc' dir='ltr'>Ἴωνες,</span> <span class='ocrx_word' id='word_1_153' title='bbox 511 1908 727 1983; x_wconf 82' lang='grc' dir='ltr'>αἵρεσιν</span> <span class='ocrx_word' id='word_1_154' title='bbox 753 1908 884 1985; x_wconf 78' lang='grc' dir='ltr'>ύμῖν</span> <span class='ocrx_word' id='word_1_155' title='bbox 911 1908 1133 1985; x_wconf 86' lang='grc' dir='ltr'>δίδομεν</span> <span class='ocrx_word' id='word_1_156' title='bbox 1152 1908 1312 1985; x_wconf 72' lang='grc' dir='ltr'>ἡμεῖς</span> <span class='ocrx_word' id='word_1_157' title='bbox 1338 1912 1391 1968; x_wconf 79' lang='grc' dir='ltr'>οἱ</span> <span class='ocrx_word' id='word_1_158' title='bbox 1418 1906 1678 1985; x_wconf 85' lang='grc' dir='ltr'>Κύπριοι,</span> <span class='ocrx_word' id='word_1_159' title='bbox 1707 1906 1889 1967; x_wconf 81' lang='grc' dir='ltr'>ὁκοτέ-</span> 
     </span>
     <span class='ocr_line' id='line_1_23' title="bbox 290 1994 1887 2074; baseline 0.001 -20"><span class='ocrx_word' id='word_1_160' title='bbox 290 2021 444 2071; x_wconf 92' lang='grc' dir='ltr'>ροισι</span> <span class='ocrx_word' id='word_1_161' title='bbox 469 1995 758 2071; x_wconf 83' lang='grc' dir='ltr'>βούλεσθε</span> <span class='ocrx_word' id='word_1_162' title='bbox 783 1997 1231 2074; x_wconf 84' lang='grc' dir='ltr'>προσφέρεσθαι,</span> <span class='ocrx_word' id='word_1_163' title='bbox 1259 1994 1295 2072; x_wconf 87' lang='grc' dir='ltr'>ἦ</span> <span class='ocrx_word' id='word_1_164' title='bbox 1319 1997 1585 2073; x_wconf 86' lang='grc' dir='ltr'>Πέρσῃσι</span> <span class='ocrx_word' id='word_1_165' title='bbox 1604 1994 1641 2071; x_wconf 84' lang='grc' dir='ltr'>ἢ</span> <span class='ocrx_word' id='word_1_166' title='bbox 1660 1997 1887 2066; x_wconf 75' lang='grc' dir='ltr'>Φοίνιξι·</span> 
     </span>
     <span class='ocr_line' id='line_1_24' title="bbox 293 2083 1892 2165; baseline 0 -22"><span class='ocrx_word' id='word_1_167' title='bbox 293 2088 342 2143; x_wconf 82' lang='grc' dir='ltr'>εἶ</span> <span class='ocrx_word' id='word_1_168' title='bbox 370 2085 474 2161; x_wconf 79' lang='grc' dir='ltr'>μὲν</span> <span class='ocrx_word' id='word_1_169' title='bbox 507 2084 616 2165; x_wconf 74' lang='grc' dir='ltr'>γᾶρ</span> <span class='ocrx_word' id='word_1_170' title='bbox 647 2085 789 2161; x_wconf 82' lang='grc' dir='ltr'>πεζῇ</span> <span class='ocrx_word' id='word_1_171' title='bbox 819 2083 1109 2159; x_wconf 84' lang='grc' dir='ltr'>βούλεσθε</span> <span class='ocrx_word' id='word_1_172' title='bbox 1139 2086 1436 2163; x_wconf 79' lang='grc' dir='ltr'>ταχθέντες</span> <span class='ocrx_word' id='word_1_173' title='bbox 1472 2086 1738 2159; x_wconf 87' lang='grc' dir='ltr'>Περσέων</span> <span class='ocrx_word' id='word_1_174' title='bbox 1778 2085 1892 2143; x_wconf 84' lang='grc' dir='ltr'>δια-</span> 
     </span>
     <span class='ocr_line' id='line_1_25' title="bbox 290 2170 1891 2252; baseline 0.001 -19"><span class='ocrx_word' id='word_1_175' title='bbox 290 2176 610 2252; x_wconf 77' lang='grc' dir='ltr'>πειρᾶσθαι,</span> <span class='ocrx_word' id='word_1_176' title='bbox 655 2171 767 2250; x_wconf 78' lang='grc' dir='ltr'>ὥρη</span> <span class='ocrx_word' id='word_1_177' title='bbox 807 2170 878 2233; x_wconf 77' lang='grc' dir='ltr'>ἂν</span> <span class='ocrx_word' id='word_1_178' title='bbox 920 2174 1002 2249; x_wconf 82' lang='grc' dir='ltr'>εἴη</span> <span class='ocrx_word' id='word_1_179' title='bbox 1043 2173 1175 2251; x_wconf 80' lang='grc' dir='ltr'>ύμῖν</span> <span class='ocrx_word' id='word_1_180' title='bbox 1218 2174 1492 2250; x_wconf 79' lang='grc' dir='ltr'>ἐκβάντας</span> <span class='ocrx_word' id='word_1_181' title='bbox 1525 2178 1585 2233; x_wconf 85' lang='grc' dir='ltr'>ἐκ</span> <span class='ocrx_word' id='word_1_182' title='bbox 1618 2177 1727 2233; x_wconf 79' lang='grc' dir='ltr'>τῶν</span> <span class='ocrx_word' id='word_1_183' title='bbox 1756 2178 1891 2235; x_wconf 82' lang='grc' dir='ltr'>νεῶν</span> 
     </span>
     <span class='ocr_line' id='line_1_26' title="bbox 288 2260 1892 2341; baseline -0.001 -18"><span class='ocrx_word' id='word_1_184' title='bbox 288 2263 610 2325; x_wconf 74' lang='grc' dir='ltr'>τάσσεσθαι</span> <span class='ocrx_word' id='word_1_185' title='bbox 647 2264 805 2341; x_wconf 79' lang='grc' dir='ltr'>πεζῇ,</span> <span class='ocrx_word' id='word_1_186' title='bbox 832 2260 1008 2339; x_wconf 76' lang='grc' dir='ltr'>ἡμέας</span> <span class='ocrx_word' id='word_1_187' title='bbox 1034 2263 1093 2323; x_wconf 83' lang='grc' dir='ltr'>δὲ</span> <span class='ocrx_word' id='word_1_188' title='bbox 1121 2269 1175 2329; x_wconf 90' lang='grc' dir='ltr'>ἐς</span> <span class='ocrx_word' id='word_1_189' title='bbox 1199 2262 1298 2325; x_wconf 68' lang='grc' dir='ltr'>τὰς</span> <span class='ocrx_word' id='word_1_190' title='bbox 1324 2264 1449 2325; x_wconf 86' lang='grc' dir='ltr'>νέας</span> <span class='ocrx_word' id='word_1_191' title='bbox 1482 2264 1768 2338; x_wconf 86' lang='grc' dir='ltr'>ἐμβαίνειν</span> <span class='ocrx_word' id='word_1_192' title='bbox 1792 2263 1892 2327; x_wconf 72' lang='grc' dir='ltr'>τοῖς</span> 
     </span>
     <span class='ocr_line' id='line_1_27' title="bbox 287 2349 1892 2435; baseline -0.001 -23"><span class='ocrx_word' id='word_1_193' title='bbox 287 2353 552 2433; x_wconf 81' lang='grc' dir='ltr'>ύμετέρας</span> <span class='ocrx_word' id='word_1_194' title='bbox 591 2352 804 2421; x_wconf 79' lang='grc' dir='ltr'>Φοίνιξι</span> <span class='ocrx_word' id='word_1_195' title='bbox 839 2350 1388 2435; x_wconf 76' lang='grc' dir='ltr'>ἀνταγωνιευμένους·</span> <span class='ocrx_word' id='word_1_196' title='bbox 1433 2354 1481 2410; x_wconf 82' lang='grc' dir='ltr'>εἰ</span> <span class='ocrx_word' id='word_1_197' title='bbox 1523 2349 1581 2409; x_wconf 82' lang='grc' dir='ltr'>δὲ</span> <span class='ocrx_word' id='word_1_198' title='bbox 1624 2351 1892 2412; x_wconf 79' lang='grc' dir='ltr'>Φοινίκων</span> 
     </span>
     <span class='ocr_line' id='line_1_28' title="bbox 288 2434 1891 2517; baseline -0.002 -16"><span class='ocrx_word' id='word_1_199' title='bbox 288 2446 516 2517; x_wconf 76' lang='grc' dir='ltr'>μᾶλλον</span> <span class='ocrx_word' id='word_1_200' title='bbox 544 2440 835 2517; x_wconf 86' lang='grc' dir='ltr'>βούλεσθε</span> <span class='ocrx_word' id='word_1_201' title='bbox 871 2441 1282 2517; x_wconf 76' lang='grc' dir='ltr'>διαπειρᾶσθαι,</span> <span class='ocrx_word' id='word_1_202' title='bbox 1324 2434 1531 2498; x_wconf 80' lang='grc' dir='ltr'>ποιέειν</span> <span class='ocrx_word' id='word_1_203' title='bbox 1562 2439 1728 2517; x_wconf 82' lang='grc' dir='ltr'>χρεόν</span> <span class='ocrx_word' id='word_1_204' title='bbox 1769 2444 1891 2498; x_wconf 84' lang='grc' dir='ltr'>ἐστι</span> 
     </span>
     <span class='ocr_line' id='line_1_29' title="bbox 289 2526 1890 2607; baseline -0.002 -20"><span class='ocrx_word' id='word_1_205' title='bbox 289 2528 474 2603; x_wconf 78' lang='grc' dir='ltr'>ὖμέας,</span> <span class='ocrx_word' id='word_1_206' title='bbox 505 2529 760 2607; x_wconf 78' lang='grc' dir='ltr'>(ὁκότερα</span> <span class='ocrx_word' id='word_1_207' title='bbox 795 2526 864 2588; x_wconf 79' lang='grc' dir='ltr'>ἂν</span> <span class='ocrx_word' id='word_1_208' title='bbox 891 2528 958 2603; x_wconf 78' lang='grc' dir='ltr'>δή</span> <span class='ocrx_word' id='word_1_209' title='bbox 997 2527 1205 2586; x_wconf 90' lang='grc' dir='ltr'>τούτων</span> <span class='ocrx_word' id='word_1_210' title='bbox 1234 2526 1487 2607; x_wconf 79' lang='grc' dir='ltr'>ἐλησθε,)</span> <span class='ocrx_word' id='word_1_211' title='bbox 1514 2526 1653 2591; x_wconf 84' lang='grc' dir='ltr'>ὅκως</span> <span class='ocrx_word' id='word_1_212' title='bbox 1677 2526 1743 2587; x_wconf 81' lang='grc' dir='ltr'><em>τό</em></span> <span class='ocrx_word' id='word_1_213' title='bbox 1773 2527 1890 2585; x_wconf 88' lang='grc' dir='ltr'>κατ’</span> 
     </span>
     <span class='ocr_line' id='line_1_30' title="bbox 289 2613 1891 2693; baseline 0 -20"><span class='ocrx_word' id='word_1_214' title='bbox 289 2615 460 2689; x_wconf 76' lang='grc' dir='ltr'>ὑμέας</span> <span class='ocrx_word' id='word_1_215' title='bbox 505 2618 661 2674; x_wconf 80' lang='grc' dir='ltr'>ἔσται</span> <span class='ocrx_word' id='word_1_216' title='bbox 695 2614 732 2690; x_wconf 86' lang='grc' dir='ltr'>ἥ</span> <span class='ocrx_word' id='word_1_217' title='bbox 772 2639 836 2674; x_wconf 81' lang='grc' dir='ltr'>τε</span> <span class='ocrx_word' id='word_1_218' title='bbox 877 2614 1055 2689; x_wconf 88' lang='grc' dir='ltr'>Ἰωνίη</span> <span class='ocrx_word' id='word_1_219' title='bbox 1098 2614 1191 2673; x_wconf 83' lang='grc' dir='ltr'>καὶ</span> <span class='ocrx_word' id='word_1_220' title='bbox 1230 2613 1263 2672; x_wconf 76' lang='grc' dir='ltr'>ὅ</span> <span class='ocrx_word' id='word_1_221' title='bbox 1305 2614 1535 2693; x_wconf 88' lang='grc' dir='ltr'>Κύπρος</span> <span class='ocrx_word' id='word_1_222' title='bbox 1577 2614 1891 2692; x_wconf 77' lang='grc' dir='ltr'>ἐλευθέρη.”</span> 
     </span>
     <span class='ocr_line' id='line_1_31' title="bbox 289 2700 1890 2783; baseline 0 -22"><span class='ocrx_word' id='word_1_223' title='bbox 289 2703 450 2762; x_wconf 82' lang='grc' dir='ltr'>εἶπαν</span> <span class='ocrx_word' id='word_1_224' title='bbox 479 2702 582 2783; x_wconf 80' lang='grc' dir='ltr'>[οἱ]</span> <span class='ocrx_word' id='word_1_225' title='bbox 610 2700 795 2764; x_wconf 84' lang='grc' dir='ltr'>Ἴωνες</span> <span class='ocrx_word' id='word_1_226' title='bbox 831 2702 972 2777; x_wconf 80' lang='grc' dir='ltr'>πρὸς</span> <span class='ocrx_word' id='word_1_227' title='bbox 1001 2706 1198 2761; x_wconf 84' lang='grc' dir='ltr'>ταῦτα.</span> <span class='ocrx_word' id='word_1_228' title='bbox 1242 2711 1277 2737; x_wconf 86' lang='grc'><strong>“</strong></span> <span class='ocrx_word' id='word_1_229' title='bbox 1292 2701 1467 2777; x_wconf 78' lang='grc' dir='ltr'>ἡμέας</span> <span class='ocrx_word' id='word_1_230' title='bbox 1494 2702 1790 2782; x_wconf 73' lang='grc' dir='ltr'>ἀπέπεμψε</span> <span class='ocrx_word' id='word_1_231' title='bbox 1823 2701 1890 2762; x_wconf 76' lang='grc' dir='ltr'>τό</span> 
     </span>
     <span class='ocr_line' id='line_1_32' title="bbox 293 2789 1890 2865; baseline -0.002 -14"><span class='ocrx_word' id='word_1_232' title='bbox 293 2790 477 2851; x_wconf 71' lang='grc' dir='ltr'>κοινὸν</span> <span class='ocrx_word' id='word_1_233' title='bbox 511 2794 620 2850; x_wconf 79' lang='grc' dir='ltr'>τῶν</span> <span class='ocrx_word' id='word_1_234' title='bbox 649 2789 845 2850; x_wconf 76' lang='grc' dir='ltr'>Ἰώνων</span> <span class='ocrx_word' id='word_1_235' title='bbox 873 2789 1227 2864; x_wconf 81' lang='grc' dir='ltr'>φυλάξοντας</span> <span class='ocrx_word' id='word_1_236' title='bbox 1258 2790 1361 2865; x_wconf 75' lang='grc' dir='ltr'>τήν</span> <span class='ocrx_word' id='word_1_237' title='bbox 1399 2790 1721 2861; x_wconf 76' lang='grc' dir='ltr'>θάλασσαν,</span> <span class='ocrx_word' id='word_1_238' title='bbox 1760 2790 1890 2849; x_wconf 71' lang='grc' dir='ltr'>ἀλλ’</span> 
     </span>
    </p>

    <p class='ocr_par' dir='ltr' id='par_1_5' title="bbox 255 2877 1891 3207">
     <span class='ocr_line' id='line_1_33' title="bbox 255 2877 1891 2953; baseline -0.002 -14"><span class='ocrx_word' id='word_1_239' title='bbox 255 2938 264 2953; x_wconf 72' lang='grc'><em>,</em></span> <span class='ocrx_word' id='word_1_240' title='bbox 289 2880 387 2939; x_wconf 77' lang='grc' dir='ltr'>οὐκ</span> <span class='ocrx_word' id='word_1_241' title='bbox 423 2880 511 2939; x_wconf 80' lang='grc' dir='ltr'>ἵνα</span> <span class='ocrx_word' id='word_1_242' title='bbox 547 2878 856 2953; x_wconf 80' lang='grc' dir='ltr'>Κυπρίοισι</span> <span class='ocrx_word' id='word_1_243' title='bbox 892 2877 992 2947; x_wconf 72' lang='grc' dir='ltr'>τὰς</span> <span class='ocrx_word' id='word_1_244' title='bbox 1025 2878 1152 2941; x_wconf 90' lang='grc' dir='ltr'>νέας</span> <span class='ocrx_word' id='word_1_245' title='bbox 1186 2877 1526 2953; x_wconf 85' lang='grc' dir='ltr'>παραδόντες</span> <span class='ocrx_word' id='word_1_246' title='bbox 1558 2878 1718 2937; x_wconf 76' lang='grc' dir='ltr'>αὐτοὶ</span> <span class='ocrx_word' id='word_1_247' title='bbox 1745 2880 1891 2952; x_wconf 80' lang='grc' dir='ltr'>Πέρ-</span> 
     </span>
     <span class='ocr_line' id='line_1_34' title="bbox 291 2962 1889 3042; baseline -0.004 -18"><span class='ocrx_word' id='word_1_248' title='bbox 291 2992 434 3042; x_wconf 85' lang='grc' dir='ltr'>σῃσι</span> <span class='ocrx_word' id='word_1_249' title='bbox 453 2967 592 3042; x_wconf 79' lang='grc' dir='ltr'>πεζῇ</span> <span class='ocrx_word' id='word_1_250' title='bbox 614 2963 1088 3039; x_wconf 79' lang='grc' dir='ltr'>προσφερώμεθα.</span> <span class='ocrx_word' id='word_1_251' title='bbox 1120 2964 1280 3037; x_wconf 75' lang='grc' dir='ltr'>ἡμεῖς</span> <span class='ocrx_word' id='word_1_252' title='bbox 1298 2964 1402 3038; x_wconf 88' lang='grc' dir='ltr'>μέν</span> <span class='ocrx_word' id='word_1_253' title='bbox 1422 2988 1517 3020; x_wconf 85' lang='grc' dir='ltr'>νυν</span> <span class='ocrx_word' id='word_1_254' title='bbox 1538 2964 1623 3029; x_wconf 77' lang='grc' dir='ltr'>ἐπ’</span> <span class='ocrx_word' id='word_1_255' title='bbox 1645 2962 1709 3020; x_wconf 80' lang='grc' dir='ltr'>οὗ</span> <span class='ocrx_word' id='word_1_256' title='bbox 1732 2964 1889 3036; x_wconf 84' lang='grc' dir='ltr'>ἐτάχ-</span> 
     </span>
     <span class='ocr_line' id='line_1_35' title="bbox 291 3046 1889 3125; baseline -0.004 -19"><span class='ocrx_word' id='word_1_257' title='bbox 291 3052 479 3123; x_wconf 87' lang='grc' dir='ltr'>θημεν,</span> <span class='ocrx_word' id='word_1_258' title='bbox 512 3050 684 3125; x_wconf 82' lang='grc' dir='ltr'>ταύτῃ</span> <span class='ocrx_word' id='word_1_259' title='bbox 718 3049 1103 3124; x_wconf 86' lang='grc' dir='ltr'>πειρησόμεθα</span> <span class='ocrx_word' id='word_1_260' title='bbox 1138 3049 1275 3105; x_wconf 83' lang='grc' dir='ltr'>εἶναι</span> <span class='ocrx_word' id='word_1_261' title='bbox 1310 3047 1571 3122; x_wconf 85' lang='grc' dir='ltr'>χρηστοί.</span> <span class='ocrx_word' id='word_1_262' title='bbox 1618 3047 1790 3121; x_wconf 70' lang='grc' dir='ltr'>ὑμέας</span> <span class='ocrx_word' id='word_1_263' title='bbox 1831 3046 1889 3100; x_wconf 82' lang='grc' dir='ltr'>δὲ</span> 
     </span>
     <span class='ocr_line' id='line_1_36' title="bbox 291 3130 1889 3207; baseline 0.003 -19"><span class='ocrx_word' id='word_1_264' title='bbox 291 3132 456 3207; x_wconf 86' lang='grc' dir='ltr'>χρεόν</span> <span class='ocrx_word' id='word_1_265' title='bbox 483 3134 607 3191; x_wconf 85' lang='grc' dir='ltr'>ἐστι</span> <span class='ocrx_word' id='word_1_266' title='bbox 633 3135 1086 3207; x_wconf 74' lang='grc' dir='ltr'>ἀναμνησθέντας</span> <span class='ocrx_word' id='word_1_267' title='bbox 1115 3134 1207 3192; x_wconf 81' lang='grc' dir='ltr'>οἷα</span> <span class='ocrx_word' id='word_1_268' title='bbox 1232 3131 1511 3207; x_wconf 80' lang='grc' dir='ltr'>ἐπάσχετε</span> <span class='ocrx_word' id='word_1_269' title='bbox 1538 3130 1889 3193; x_wconf 83' lang='grc' dir='ltr'>δουλεύοντες</span> 
     </span>
    </p>

    <p class='ocr_par' dir='ltr' id='par_1_6' title="bbox 205 3216 1887 3299">
     <span class='ocr_line' id='line_1_37' title="bbox 205 3216 1887 3299; baseline 0.002 -26"><span class='ocrx_word' id='word_1_270' title='bbox 205 3218 313 3273; x_wconf 81' lang='grc'>110</span> <span class='ocrx_word' id='word_1_271' title='bbox 331 3216 471 3290; x_wconf 76' lang='grc' dir='ltr'>πρὸς</span> <span class='ocrx_word' id='word_1_272' title='bbox 495 3221 604 3275; x_wconf 81' lang='grc' dir='ltr'>τῶν</span> <span class='ocrx_word' id='word_1_273' title='bbox 625 3216 834 3289; x_wconf 84' lang='grc' dir='ltr'>Μήδων</span> <span class='ocrx_word' id='word_1_274' title='bbox 853 3219 1111 3293; x_wconf 85' lang='grc' dir='ltr'>γίνεσθαι</span> <span class='ocrx_word' id='word_1_275' title='bbox 1138 3218 1338 3294; x_wconf 75' lang='grc' dir='ltr'>ἄνδρας</span> <span class='ocrx_word' id='word_1_276' title='bbox 1364 3216 1657 3297; x_wconf 84' lang='grc' dir='ltr'>οἶγαθούς.”</span> <span class='ocrx_word' id='word_1_277' title='bbox 1704 3217 1887 3299; x_wconf 75' lang='grc' dir='ltr'>Ἴωνες</span> 
     </span>
    </p>
   </div>
  </div>
 </body>
</html>
