2192 3409
300 109 362 155 en
902 104 1269 155 ἮΡοΔοϊοϊ
1762 105 1887 171 [v1.

292 183 680 261 κεκακωμένων
705 186 768 243 ἐκ
791 186 895 260 τῆς
920 185 1230 262 ναυμαχίης
1254 183 1287 243 ὅ
1309 182 1575 247 Ἱστιαῖος
1598 184 1751 263 ἔχων·
1764 188 1893 251 τούς

289 272 576 349 Λεσβίους
604 271 966 349 ἐπεκράτησε,
996 276 1056 331 ἐκ
1078 272 1371 349 Πολίχνης
1388 274 1490 347 τῆς
1508 272 1661 333 Χίων
1686 273 1891 350 ὁρμεώ-

199 361 268 418 27
289 386 472 436 μενος.
556 359 748 419 Φιλέει
789 359 852 419 δέ
893 386 996 423 κως
1027 361 1432 436 προσημαίνειν
1466 357 1572 419 εὖτ’
1598 357 1667 419 ἂν
1701 362 1889 440 μέλλῃ

287 447 512 528 μεγάλα
540 445 738 523 κακσὶῆ
763 446 904 507 πόλι
927 445 964 522 ἢ
993 448 1137 507 ἔθνεϊ
1164 446 1415 507 ἔσεσθαι·
1445 447 1537 507 καὶ
1562 446 1673 527 γὰρ
1692 450 1889 509 Χίοισι

288 534 400 611 πρὸ
425 534 633 594 τούτων
659 534 878 611 σημήῖα
903 533 1132 614 μεγάλα
1166 533 1403 613 ἐγένετο·
1443 536 1609 593 τοῦτο
1640 537 1747 611 μέν
1776 543 1888 611 σφι

289 623 552 699 πέμψασι
599 625 654 683 ἐς
701 619 965 695 Δελφοῦς
1017 619 1193 699 χορόν
1245 621 1495 695 νεηνιέων
1548 621 1743 683 ἐκατόν
1790 623 1887 683 δύο

289 712 486 784 μοῦνοι
525 707 735 769 τούτων
777 708 1193 783 ἀπενόστησαν·
1234 707 1365 771 τοῦς
1404 707 1465 768 δὲ
1507 707 1653 769 ὄκτῶ
1690 735 1754 769 τε
1796 712 1889 769 καὶ

290 795 648 871 ἐννενήκοντα
673 794 854 855 αὐτῶν
881 795 1082 871 λοιμὸς
1108 793 1419 869 ὖπολαβών
1445 793 1724 871 ἀπήνεικε·
1762 801 1887 859 τοῦ·

287 909 356 942 το
387 884 446 942 δέ
481 888 541 944 ἐν
577 888 650 963 τῇ
685 883 824 944 πόλι
861 881 961 945 τᾶν
997 882 1167 942 αὖτόν
1207 885 1405 943 τοῦτον
1444 882 1662 961 χρόνον,
1690 882 1887 965 ὀλίγον

288 970 400 1048 πρὸ
425 976 526 1047 τῆς
554 972 876 1050 ναυμαχίης,
907 971 1074 1029 παισὶ
1083 968 1403 1081 γράμματα
1432 969 1885 1048 διδασκομένοισι
1908 999 1914 1005 ·

290 1060 518 1119 ἐνέπεσε
543 1058 580 1135 ἤ
607 1060 801 1140 στέγη,
829 1057 976 1119 ὥστε
1003 1056 1099 1117 ἀπ’
1126 1056 1323 1117 ἐκατόν
1349 1057 1441 1117 καὶ
1468 1058 1647 1117 εἴκοσι
1675 1059 1883 1120 παίδων

290 1146 367 1210 εἷς
390 1151 592 1224 μοῦνος
629 1146 902 1227 ἀπέφυγε.
984 1148 1162 1205 ταῦτα
1186 1144 1291 1221 μέν
1316 1151 1430 1220 σφι
1456 1146 1675 1221 σημήῖα
1700 1173 1731 1207 ο
1718 1145 1885 1211 θεός

286 1236 563 1311 προέδεξε·
605 1233 748 1311 μετοί
785 1235 846 1295 δὲ
878 1238 1070 1307 ταῦτα,
1101 1231 1140 1308 ἤ
1181 1233 1463 1311 ναυμαχίη
1500 1232 1883 1309 ὑπολαβοῦσα

287 1328 342 1386 ἐς
374 1323 510 1404 γόνυ
534 1323 638 1398 τὴν
663 1323 836 1383 πόλιν
863 1324 1058 1398 ἔβαλε·
1103 1320 1195 1382 ἐπὶ
1232 1321 1292 1381 δὲ
1330 1323 1405 1397 τῇ
1445 1322 1723 1400 ναυμαχίῃ
1762 1326 1882 1383 ἐπε-

286 1411 475 1491 γένετο
518 1410 782 1475 Ἱστιαῖος
823 1410 1111 1486 Λεσβίους
1162 1408 1331 1489 ἄγων·
1387 1409 1773 1485 κεκακωμένων
1822 1410 1882 1469 δὲ

287 1501 396 1555 τῶν
423 1500 588 1566 Χίων,
618 1495 1018 1572 καταστροφὴν
1059 1495 1325 1559 εὐπετέως
1349 1494 1529 1557 αὐτῶν
1556 1496 1879 1571 ἐποιήσατο.

192 1585 269 1641 28
366 1582 654 1643 Ἐνθεῦτεν
685 1583 746 1643 δὲ
787 1582 818 1642 ὁ
843 1583 1107 1648 Ἱστιαῖος
1124 1583 1505 1661 ,ἐστρατεύετο
1548 1583 1641 1643 ἐπὶ
1668 1584 1876 1657 Θάσον,
1943 1598 1949 1605 ”

287 1668 436 1750 ἄγων
466 1669 661 1730 Ἰώνων
704 1669 796 1729 καὶ
839 1671 1084 1733 Αἰολέων
1128 1672 1387 1750 συχνούς.
1468 1672 1881 1751 περικατημένῳ

287 1758 350 1817 δέ
387 1760 440 1819 οἱ
466 1756 659 1818 Θάσον
695 1757 836 1833 ἦλθε
879 1757 1134 1839 ἀγγελίη,
1166 1758 1235 1823 ὥς
1262 1762 1315 1820 οἱ
1341 1760 1587 1823 Φοίνικες
1626 1758 1878 1820 ἀναπλώ-

287 1872 417 1905 ουσι
457 1850 515 1905 ἐκ
556 1849 656 1921 τῆς
682 1846 944 1921 Μιλήτου
977 1846 1070 1905 ἐπὶ
1100 1847 1205 1923 τὴν
1231 1847 1416 1922 ἄλλην
1439 1846 1670 1922 Ἰωνίην·
1711 1847 1877 1908 πυθό-

286 1959 449 2009 μενος
479 1934 538 1993 δὲ
576 1938 752 1995 ταῦτα
779 1933 973 1993 Θάσον
1011 1938 1117 2011 μὲν
1150 1934 1467 2011 ἀπόρθητον
1492 1933 1689 2003 λείπει,
1717 1932 1880 1997 αὖτός

287 2020 347 2079 δὲ
374 2026 428 2083 ἐς
452 2021 555 2097 τήν
581 2024 815 2097 Λέσβον
847 2020 1111 2103 ἠπείγετο
1150 2020 1299 2102 ἄγων
1335 2025 1530 2080 πᾶσαν
1566 2020 1672 2096 τήν
1710 2046 1879 2098 στρα-

284 2107 428 2185 τιήν·
471 2114 530 2167 ἐκ
572 2110 807 2186 Λέσβου
851 2110 926 2182 δὲ,
963 2108 1332 2185 λιμαινούσης
1368 2110 1423 2168 οἱ
1460 2113 1560 2183 τῆς
1596 2114 1877 2185 στρατιῆς,

285 2197 460 2273 πέρην
500 2198 774 2273 διαβαίνει
817 2202 878 2257 ἐκ
917 2200 1017 2256 τοῦ
1060 2195 1354 2272 Ἀταρνέος
1396 2194 1468 2259 ὥς
1506 2193 1741 2270 ἀμήσων
1779 2195 1881 2255 τόν

283 2287 462 2356 σῖτον,
489 2285 587 2347 τόν
610 2312 673 2345 τε
701 2286 948 2345 ἐνθεῦτεν
975 2284 1068 2343 καὶ
1092 2282 1193 2343 τὸν
1220 2288 1281 2342 ἐκ
1309 2283 1525 2343 Καΐκου
1559 2282 1751 2343 πεδίου
1780 2282 1881 2341 τᾶν

283 2398 394 2435 των
420 2378 655 2435 Μυσῶν·
697 2378 756 2433 ἐν
783 2373 842 2431 δὲ
867 2397 1120 2431 τουτοισι
1143 2372 1300 2431 τοῖσι
1322 2371 1581 2449 χωρίοισι
1615 2368 1879 2449 ἐτύγχανε

287 2460 387 2521 ἐῶν
416 2461 724 2543 Ἅρπαγος,
769 2460 908 2536 ἀνηρ
953 2460 1201 2535 Πέρσης,
1250 2456 1567 2538 στρατηγός
1613 2458 1881 2532 στρατιῆς

285 2574 384 2607 ουκ
431 2547 642 2630 ὀλίγης·
697 2548 757 2611 ὅς
803 2551 856 2606 οἱ
904 2544 1189 2622 ἀποβάντι
1242 2544 1560 2622 συμβαλων
1612 2541 1780 2605 αὐτόν
1818 2568 1879 2601 τε

285 2633 552 2695 Ἱστιαῖον
579 2636 780 2715 ζωγρίῃ
810 2635 988 2708 ἔλαβε
1023 2634 1117 2693 καὶ
1151 2633 1252 2693 τὸν
1292 2632 1536 2710 στρατὸν
1572 2630 1742 2691 αυτοῦ
1782 2630 1880 2690 τὸν

191 2724 266 2781 29
287 2725 442 2780 πλέω
477 2722 772 2798 διέφθειρε.
852 2720 1177 2802 Ἐζωγρήθη
1206 2721 1264 2781 δὲ
1296 2719 1328 2781 ὁ
1356 2719 1619 2782 Ἱστιαῖος
1647 2716 1767 2776 ὧδε·
1810 2717 1882 2779 ὥς

287 2809 562 2889 ἐμάχοντο
599 2813 652 2869 οἱ
672 2811 952 2885 Ἕλληνες
975 2813 1131 2869 τοῖσι
1157 2810 1424 2887 Πέρσῃσι
1452 2814 1510 2868 ἐν
1534 2812 1607 2887 τῇ
1632 2804 1881 2883 Μαλήνῃ

284 2901 385 2972 τῆς
408 2896 810 2973 Ἀταρνείτιδος
848 2896 1048 2975 χώρης,
1079 2900 1134 2955 οἱ
1158 2899 1262 2972 μὲν
1288 2897 1648 2955 συνέστασαν
1678 2892 1882 2972 χρόνον

289 2984 381 3043 ἐπὶ
406 2984 641 3054 πολλόν,
662 2983 698 3059 ἦ
727 2984 786 3042 δὲ
814 2984 981 3045 ἵππος
1005 2982 1245 3058 ὕστερον
1264 2982 1580 3059 ὁρμηθεῖσα
1601 2980 1883 3039 ἐπιπίπτει

286 3073 440 3127 τοῖσι
455 3070 728 3144 Ἕλλησι·
771 3069 898 3129 τότε
941 3068 1010 3143 δὴ
1051 3070 1216 3147 ἔργον
1244 3073 1345 3142 τῆς
1373 3069 1546 3128 ἵππου
1572 3072 1741 3128 τοῦτο
1768 3066 1884 3145 ἐγέ-

290 3177 433 3211 νετο·
451 3158 458 3167 ’
475 3155 567 3211 καὶ
607 3155 992 3231 τετραμμένων
1038 3158 1148 3214 τῶν
1191 3153 1497 3227 Ἑλλήνων,
1544 3154 1577 3213 ὁ
1618 3152 1888 3213 Ἱστιαῖος

292 3238 526 3305 ἐλπίζων
552 3238 650 3297 οὐκ
676 3238 1024 3298 ἀπολέεσθαι
1058 3238 1169 3297 ὖπὸ
1193 3240 1473 3313 βασιλέος
1500 3237 1591 3297 διὰ
1618 3239 1721 3313 τὴν
1745 3260 1884 3313 παρ-
