2192 3409
271 101 489 167 ,ετ-σο]
788 114 813 135 ·
920 101 1230 152 OTPANIA.
1769 102 1863 151 241

268 184 376 259 μὲν
412 181 586 258 ἠπίως
624 181 765 259 πρός
799 179 901 242 τᾶν
940 182 1242 259 Κορίνθιον
1281 178 1576 260 οἷμείψατο·
1629 179 1768 258 πρός
1807 181 1868 239 δὲ

267 270 371 329 τὸν
428 268 783 347 Εὐρυβιάδεα
842 270 1001 350 ἔλεγε
1059 270 1276 329 ἐκείνων
1323 271 1427 346 μὲν
1473 266 1654 329 οὐκέτι
1708 267 1866 328 οὐδὲν

268 361 381 416 τῶν
418 358 691 435 πρότερον
728 358 1053 435 λεχθέντων,
1099 357 1168 419 ὥς
1214 358 1380 416 ἐπεοὶν
1425 354 1705 433 α’παίρωσι
1753 354 1866 415 dm?

272 446 607 521 Σαλαμῖνος,
642 444 1052 521 διαδρήσονται·
1107 443 1422 521 παρεόντων
1445 443 1555 525 γὰρ
1587 448 1697 503 τῶν
1727 468 1866 519 συμ-

270 532 465 610 μάχων
517 532 617 592 οὐκ
672 534 839 610 ἔφερέ
884 536 937 592 οἱ
986 532 1202 609 κόσμον
1247 532 1440 593 οὐδένα
1495 533 1867 611 κατηγορέειν·

270 618 302 678 6
337 620 397 678 δὲ
429 619 615 680 ἄλλου
646 620 824 701 λόγου
862 620 1059 699 εἴχετο,
1087 622 1269 701 λέγων
1301 620 1453 680 τάδε·
1495 624 1574 657 “’
1549 646 1607 679 εν
1642 620 1740 679 σοὶ
1768 621 1867 679 νῦν

272 708 397 766 ἐστὶ
437 712 625 769 σῶσαι
658 734 763 784 την
796 705 1134 776 EMaSQ*
1099 733 1170 783 ην
1205 707 1330 783 ἐμοὶ
1367 708 1534 787 πείθῃ
1565 708 1872 785 ναυμαχίην

272 794 443 855 αυτοῦ
492 798 673 873 μένων
722 796 1033 866 ποιέεσθαι,
1079 795 1238 873 μηδὲ,
1290 794 1618 871 πειθόμενος
1667 794 1874 855 τούτων

270 884 424 942 τοῖσι
448 885 701 965 λέγουσι,
728 882 1026 962 ἀναζεύξῃς
1050 884 1192 961 πρὸς
1215 882 1316 943 τᾶν
1339 882 1576 960 Ἰσθμόν
1599 907 1702 945 τας
1721 886 1873 958 νῆας·

273 968 489 1035 ἀντίθες
519 970 629 1051 γὰρ
662 970 921 1049 ἑκάτερον
951 970 1216 1034 οἰκούσας·
1257 970 1397 1048 πρός
1425 972 1530 1047 μὲν
1561 972 1640 1048 τῷ
1662 968 1874 1049 Ἰσθμῷ

273 1056 632 1132 συμβάλλων
658 1063 717 1117 ἐν
740 1058 977 1139 πελάγεϊ
1010 1058 1448 1139 ἀναπεπταμένῳ
1479 1056 1873 1135 ναυμαχήσεις,

274 1147 331 1205 ἐς
364 1143 400 1202 ὂ
423 1143 629 1221 ἥκιστα
658 1144 795 1221 ἡμῖν
828 1144 1130 1223 σύμφορόν
1165 1151 1288 1207 ἐστι
1314 1150 1449 1222 νῆας
1477 1148 1670 1224 ἔχουσι
1695 1146 1874 1220 βαρυ-

270 1231 434 1308 τέρας
474 1231 567 1291 καὶ
606 1232 845 1311 αριθμόν
883 1234 1226 1309 ἐλάσσονας·
1277 1238 1444 1294 τοῦτο
1491 1234 1565 1306 δε,
1617 1229 1876 1293 ἀπολέεις

272 1320 570 1397 Σαλαμῖνά
593 1347 655 1381 τε
682 1322 775 1381 καὶ
801 1322 1043 1433 Μέγαρα
1080 1324 1174 1380 καὶ
1207 1322 1456 1404 Αἴγιναν,
1482 1320 1660 1397 ἥνπερ
1687 1319 1777 1377 καὶ
1803 1318 1874 1377 τοὶ

270 1404 425 1467 ἄλλα
470 1407 879 1488 εὖτυχήσωμεν·
948 1436 1067 1486 αμα
1123 1408 1234 1490 γὰρ
1285 1412 1364 1488 τῷ
1415 1410 1646 1487 ναυτικῷ
1695 1405 1876 1465 αυτῶν

272 1494 465 1569 εψεται
502 1496 595 1555 καὶ
630 1496 661 1557 ὁ
698 1498 863 1567 πεζὰς
898 1496 1160 1575 στρατός·
1202 1496 1294 1555 καὶ
1319 1494 1462 1555 οὕτω
1489 1496 1672 1571 σφέας
1696 1492 1875 1602 αὖτὸς

270 1580 419 1651 ἄξεις
445 1583 537 1642 ἐπὶ
562 1581 668 1659 τήν
699 1584 1160 1659 Πελοπόννησον,
1189 1583 1551 1647 κινδυνεύσεις
1577 1608 1640 1643 τε
1677 1580 1873 1660 ἁπάσῃ

270 1673 343 1748 τῇ
382 1669 634 1730 Ἑλλάδι.
722 1669 793 1747 ἢν
834 1672 910 1731 δὲ
933 1698 1005 1731 τα
1047 1672 1155 1753 ἐγω
1187 1672 1335 1752 λέγω
1365 1670 1625 1783 ποιήσῃς,
1665 1670 1873 1731 τοσαδε

272 1760 331 1818 ἐν
368 1757 593 1819 αυτοῖσι
626 1759 852 1837 χρηστὰ
891 1759 1162 1835 ευρήσεις·
1203 1762 1396 1836 πρῶτα
1424 1762 1544 1836 μὲν,
1582 1763 1640 1819 ἐν
1677 1760 1874 1837 στεινῷ

272 1844 710 1922 συμβάλλοντες
750 1849 915 1923 νηυσὶ
948 1847 1180 1928 ὀλίγῃσι
1224 1844 1365 1923 πρός
1409 1844 1647 1915 πολλᾶς,
1694 1843 1763 1921 ἢν
1802 1844 1875 1905 τοὶ

272 1932 463 1992 οἰκότα
490 1938 551 1993 ἐκ
574 1938 675 1994 τοῦ
700 1936 957 2011 πολέμου
990 1935 1226 2014 ἐκβαίνῃ
1251 1934 1473 1994 πολλόν
1498 1932 1872 2012 κρατήσομεν·

271 2018 339 2080 τό
377 2021 489 2101 γὰρ
528 2026 587 2082 ἐν
626 2028 827 2103 στεινῷ
865 2024 1198 2102 ναυμαχέειν
1237 2022 1377 2101 πρός
1410 2022 1594 2098 ἡμέων
1633 2022 1775 2081 ἐστί·
1817 2026 1876 2081 ἐν

274 2108 577 2189 εὐρυχωρίῃ
602 2110 663 2171 δὲ
688 2112 830 2188 πρὸς
856 2113 1091 2172 ἐκείνων.
1170 2110 1322 2175 αὖτις
1347 2111 1422 2179 δὲ,
1445 2110 1700 2186 Σαλαμὶς
1724 2135 1873 2187 περι-

270 2197 501 2276 γίνεται,
523 2204 579 2260 ἐς
594 2198 699 2274 τήν
718 2198 855 2276 ἡμῖν
872 2199 1188 2259 ὑπέκκειται
1210 2200 1376 2258 τέκνα
1401 2224 1463 2257 τε
1491 2199 1582 2255 καὶ
1601 2201 1873 2277 γυναῖκες.

274 2284 369 2341 καὶ
385 2285 499 2361 μὴν
518 2310 609 2343 και
588 2284 803 2345 τάδε’
778 2313 837 2346 εν
857 2285 1081 2346 αὐτοῖσι
1105 2286 1288 2345 ἔνεστι
1312 2289 1412 2344 τοῦ
1435 2309 1525 2342 και
1505 2284 1875 2361 περιέχεσθε

273 2370 549 2447 μάλιστα·
605 2371 806 2449 ὁμοίως
840 2373 1009 2433 αὐτοῦ
1048 2399 1112 2433 τε
1150 2374 1343 2449 μένων,
1384 2369 1875 2448 προναυμαχήσεις

276 2459 740 2535 Πελοποννήσου,
782 2486 875 2519 και
915 2461 1056 2539 πρός
1095 2487 1174 2539 τω
1208 2460 1440 2538 Ἰσθμῷ·
1504 2456 1632 2517 ουδέ
1670 2462 1874 2532 σφεας,

275 2547 429 2623 εἴπερ
457 2545 517 2606 ευ
542 2547 815 2624 φρονέεις,
836 2547 1037 2619 ἅξεις’
1010 2548 1103 2607 επὶ
1129 2573 1234 2622 την
1261 2544 1724 2620 Πελοπόννησον.
1805 2542 1876 2621 ἢν

274 2632 338 2692 δέ
378 2660 447 2716 γε
488 2636 580 2695 καὶ
621 2661 693 2696 τα
737 2636 843 2718 ἐγω
887 2637 1095 2707 ἐλπίζω
1140 2636 1384 2716 γένηται,
1431 2633 1522 2692 καὶ
1563 2631 1876 2709 νικήσωμεν

270 2726 407 2800 τῇσι
432 2726 613 2799 νηυσὶ,
643 2750 769 2785 ουτε
806 2724 941 2803 υμῖν
967 2730 1023 2788 ἐς
1047 2724 1148 2785 τόν
1171 2721 1408 2799 Ἰσθμόν
1443 2722 1788 2799 παρέσονται
1821 2723 1875 2781 οἶ

270 2810 579 2887 βάρβαροι,
599 2810 725 2871 οὔτε
748 2812 1193 2889 προβήσονταιε
1167 2810 1444 2885 εκαστέρω
1469 2814 1569 2885 τῆς
1592 2808 1866 2884 Ἀττικῆς,

271 2895 480 2956 ἀπίασί
512 2924 575 2957 τε
602 2898 779 2957 οὐδενὶ
815 2898 1023 2977 κόσμῳ,
1055 2897 1384 2980 Μεγάροισί
1411 2922 1474 2955 τε
1514 2896 1875 2972 κερδανέομεν

271 2989 574 3060 περιεοῦσι,
615 2987 707 3044 καὶ
743 2986 961 3065 Αἰγίνῃ,
991 2985 1083 3043 καὶ
1111 2986 1407 3060 Σαλαμῖνι,
1439 2988 1496 3042 ἐν
1520 2986 1593 3061 τῇ
1619 2981 1755 3058 ἡμῖν
1783 2981 1876 3039 καὶ

271 3072 469 3151 λόγιόν
503 3079 629 3133 ἐστι
653 3076 762 3133 τῶν
791 3073 1005 3151 ἐχθρῶν
1032 3072 1339 3150 κατύπερθε
1363 3071 1643 3152 γενέσθαι.
1727 3067 1868 3127 οἰκό-

270 3184 345 3218 τα
366 3162 471 3234 μέν
497 3187 591 3221 νυν
616 3160 1082 3236 βουλευομένοισι
1109 3157 1453 3235 ἀνθρώποισι
1474 3157 1544 3222 ὥς
1567 3156 1633 3216 τὰ
1671 3154 1876 3215 ἐπίπαν

272 3246 453 3305 ἐθέλει
489 3248 761 3329 γίνεσθαι·
805 3245 886 3323 μὴ
924 3245 982 3303 δὲ
1015 3245 1206 3303 οἰκότα
1246 3246 1730 3323 βουλευομένοισι,
1770 3240 1872 3301 οὐκ
