2192 3409
369 124 588 201 σιμ-75]
1026 136 1401 186 ΠΟΛΤΜΝΙΑ.
1879 139 1967 186 151

365 218 536 279 Ἰνδοὶ
566 220 904 296 ἐσεσάχατο,
930 217 1350 295 προμετωπίδια
1390 216 1451 277 δὲ
1492 216 1675 277 ἵππων
1702 214 1857 296 εἶχον
1883 218 1977 276 ἐπὶ

364 309 502 385 τῇσι
529 309 818 385 κεφαλῇσι
844 304 954 365 σύν
977 332 1039 365 τε
1063 309 1219 365 τοῖσι
1244 303 1353 363 ὦσὶ
1380 303 1745 381 ἐκδεδαρμένα
1770 305 1863 363 καὶ
1902 310 1977 383 τῇ

365 398 569 474 λοφιῇ·
612 394 704 453 καὶ
730 393 852 453 ἀντὶ
877 395 982 471 μὲν
1007 392 1198 469 λόφου
1224 392 1262 469 ἦ
1290 390 1471 468 λοφιὴ
1500 394 1763 470 κατέχρα·
1803 392 1875 452 τά
1916 394 1977 451 δὲ

368 482 482 542 ὦτα
513 485 625 543 τῶν
667 482 850 543 ἵππων
885 480 1028 558 ὄρθιὶ
1053 480 1347 562 πεπηγότα
1376 480 1547 559 εἶχον·
1588 480 1974 556 προβλήματα

367 570 428 631 δὲ
463 570 581 649 ἄντ’
607 568 861 630 ἀσπίδων
903 573 1190 628 ἐποιεῦντο
1216 568 1461 649 γεράνων
1489 566 1675 645 δοράς.
1758 569 1968 644 Λίβυες
1990 572 2062 629 ῖῙ

367 659 427 718 δὲ
467 655 676 733 σκευήν
715 660 820 735 μὲν
863 656 1131 733 σκυτίνην
1172 654 1347 733 ἥῖσαν
1388 656 1624 735 ἔχοντες,
1662 654 1972 716 α’κοντίοισι

367 747 427 806 δὲ
472 744 826 806 ἐπικαύτοισι
869 742 1197 823 χρεώμενοι·
1246 740 1494 822 ἄρχοντα
1535 742 1596 803 δὲ
1639 744 1973 822 παρείχοντο

368 834 699 914 Μασσάγην
738 832 840 894 τὸν
880 831 1162 908 Ὀαρίζου.
1246 829 1631 911 Παφλαγόνες
1669 831 1731 891 δὲ
1774 836 1970 908 ἐστρα-
1988 834 2069 893 72

365 920 594 981 τεύοντο
631 921 725 979 ἐπὶ
763 922 869 995 μὲν
905 924 1045 997 τῇσι
1087 921 1380 996 κεφαλῇσι
1410 918 1628 997 ἔχοντες
1654 917 1855 996 κράνεα
1878 945 1974 978 πε-

365 1008 672 1089 πλεγμένα,
699 1005 945 1070 ἀσπίδας
981 1007 1041 1065 δὲ
1078 1006 1337 1083 σμικρᾶς,
1366 1004 1573 1085 αἰχμὰς
1599 1004 1659 1064 δὲ
1698 1032 1763 1065 ου
1801 1006 1973 1087 μεγά-

366 1098 491 1157 λας·
535 1095 677 1173 πρὸς
712 1095 788 1164 δὲ,
817 1093 1044 1154 οἷκόντια
1088 1093 1181 1151 καὶ
1224 1092 1542 1173 ἐγχειρῶια·
1582 1092 1713 1169 περὶ
1746 1093 1807 1153 δὲ
1844 1120 1975 1157 τους

365 1181 559 1251 πόδας,
601 1181 808 1241 πεδιλα
857 1181 1127 1260 ἐπιχώρια
1175 1185 1232 1243 ἐς
1272 1181 1457 1257 μέσην
1504 1178 1719 1257 κνήμην
1762 1179 1975 1242 άνατεί-

367 1294 553 1329 νοντα.
634 1269 842 1350 Λιγυες
869 1269 928 1329 δὲ
955 1270 1049 1327 καὶ
1075 1267 1357 1345 Ματιηνοὶ
1385 1268 1477 1327 καὶ
1501 1268 1885 1345 Μαριανδυνοί
1903 1294 1968 1329 τε

367 1357 460 1416 καὶ
487 1356 658 1434 Σύροι
695 1356 801 1433 τήν
840 1353 1015 1432 αὐτὴν
1045 1356 1267 1436 εχοντες
1292 1354 1707 1435 Παφλαγόσι’
1680 1356 1969 1433 εστρατεύ-

368 1469 518 1505 οντο·
559 1447 614 1503 οἱ
653 1445 713 1505 δὲ
740 1442 910 1522 Σύροι
951 1440 1107 1503 οὗτοι
1134 1442 1259 1521 ‚fin-<3
1294 1443 1563 1522 Περσέων
1590 1442 1969 1504 Καππαδόκαι

368 1532 682 1592 καλέονται·
726 1529 1130 1612 Παφλαγόνων
1152 1532 1259 1609 μέν
1282 1557 1379 1592 νυν
1405 1530 1499 1591 καὶ
1524 1535 1827 1608 Ματιηνῶν
1848 1536 1969 1591 Δῶ-

365 1644 464 1681 τος
493 1619 526 1679 ὁ
567 1619 934 1700 Μεγασῶρου
973 1617 1135 1698 ἦρχε·
1178 1618 1579 1697 Μαριανδυνῶν
1626 1620 1685 1679 δὲ
1733 1620 1825 1679 καὶ
1870 1626 1970 1680 Λι-

366 1705 516 1782 γύων
551 1707 644 1765 καὶ
676 1706 864 1783 Σύρων
899 1705 1172 1783 Γωβρύης
1213 1705 1246 1767 ὅ
1274 1707 1517 1785 Δαρείου
1551 1732 1614 1768 τε
1654 1708 1745 1766 καὶ
1776 1706 1967 1785 Ἀρτυ-

370 1792 603 1869 σιτώνης.
685 1793 899 1875 Φρύγες
939 1794 998 1853 δὲ
1043 1792 1339 1875 ἀγχοτάτω
1376 1798 1479 1871 τῆς
1521 1799 1966 1875 Παφλαγονικῆς
1986 1794 2065 1857 ’73

368 1880 576 1955 σκευήν
602 1881 770 1960 εἶχον,
788 1880 986 1963 ὀλίγον
1011 1880 1539 1961 παραλλάσσοντες·
1569 1885 1623 1942 οἱ
1649 1882 1710 1941 δὲ
1734 1880 1965 1963 Φρύγες,

369 1967 441 2030 ῶς
485 1968 807 2047 Μακεδόνες
856 1968 1110 2049 λέγουσι,
1164 1969 1461 2029 ἐκαλέοντο
1514 1970 1715 2051 Βρίγες
1764 1969 1970 2048 χρόνον

368 2054 508 2117 ὅσον
547 2056 874 2135 Εὗρωπήῖοι
927 2054 1108 2119 ἐόντες
1159 2056 1408 2116 σύνοικοι
1457 2056 1608 2133 ἦσαν
1652 2057 1967 2117 Μακεδόσι·

366 2144 714 2221 μεταβάντες
750 2145 811 2203 δὲ
851 2148 906 2207 ἐς
943 2142 1050 2220 τήν
1087 2142 1307 2220 Ἀσίην,
1333 2141 1453 2220 ἅμα
1476 2148 1549 2222 τῇ
1572 2143 1729 2224 χώρῃ
1770 2145 1861 2205 καὶ
1898 2143 1969 2205 τό

368 2229 580 2308 οὔνομα
612 2231 937 2308 μετέβαλον
971 2220 1026 2295 ἐς
1059 2230 1299 2311 Φρύγας.
1380 2229 1661 2308 Ἀρμένιοι
1702 2233 1762 2291 δὲ
1800 2233 1965 2292 κατά-

368 2342 474 2394 περ
495 2316 708 2399 Φρύγες
728 2317 1062 2397 ἐσεσάχατο,
1075 2316 1273 2394 .ἐόντες
1288 2322 1518 2400 Φρυγῶν
1544 2318 1784 2379 ἄποικοι.
1837 2319 1965 2379 τού-

368 2428 479 2463 των
519 2405 955 2481 συναμφοτέρων
995 2404 1137 2484 ἦρχε
1176 2404 1509 2485 Ἀρτόχμης,
1546 2407 1787 2481 Δαρείου
1828 2406 1969 2485 ἔχων

370 2490 666 2572 θυγατέρα.
746 2492 922 2552 Λυδοὶ
956 2492 1015 2551 δὲ
1055 2491 1351 2573 α’,γχοτάτω
1374 2496 1485 2553 τῶν
1506 2492 1853 2569 Ἑλληνικῶν
1894 2494 1962 2553 εἳ·
1984 2497 2059 2555 74

367 2604 474 2657 χον
507 2578 680 2639 ὅπλα·
721 2578 801 2661 (οἱ
841 2580 901 2639 δὲ
924 2580 1100 2640 Λυδοὶ
1136 2580 1381 2657 Μηῒονες
1420 2584 1719 2641 ἐκαλεῦντο
1754 2608 1821 2641 το
1861 2582 1964 2641 πά-

367 2668 485 2724 λαι·
527 2666 620 2725 ἐπὶ
645 2666 706 2727 δὲ
730 2667 916 2728 Λυδοῦ
940 2672 1043 2727 τοῦ
1073 2667 1334 2730 ''Au-voe*
1306 2693 1477 2746 εσχον
1506 2694 1609 2745 την
1638 2671 1963 2747 ἐπωνυμίην,

367 2753 786 2835 μεταβαλόντες
827 2781 896 2815 το
931 2753 1184 2834 συνομω)
1226 2756 1423 2813 Μυσοὶ
1464 2754 1523 2815 δὲ
1558 2758 1649 2815 ἐπὶ
1683 2759 1789 2835 μὲν
1825 2762 1965 2837 τῇσι

369 2838 658 2919 κεφαλῇσι
687 2841 850 2923 ίεἶχον
891 2841 1092 2919 κράνεα
1136 2840 1419 2921 ἐπιχώρια,
1452 2842 1695 2908 ἀσπίδας
1733 2846 1793 2904 δὲ
1834 2871 1963 2920 σμι-

370 2927 523 3004 κράς·
564 2928 874 2988 ἀκοντίοισι
901 2929 959 2988 δὲ
987 2929 1257 3007 ἐχρέωντο
1284 2929 1647 2990 ἐπικαύτοισι·
1688 2930 1867 3009 (οὗτοι
1904 2932 1970 2989 δέ

369 3020 481 3075 εἶσι
506 3016 704 3076 Λυδῶν
742 3014 983 3075 ἄποικοι·
1023 3015 1121 3075 ἀπ’
1150 3015 1463 3094 Οὐλύμπου
1494 3018 1552 3076 δὲ
1588 3016 1777 3095 οὔρεος
1804 3020 1962 3076 καλέ-

369 3129 524 3163 ονται
541 3104 975 3181 Οὗλυμπιηνοί·)
1001 3103 1197 3163 Λυδῶν
1222 3104 1281 3163 δὲ
1309 3105 1401 3162 καὶ
1427 3108 1645 3164 Μυσῶν
1670 3102 1809 3182 ἦρχε
1834 3104 1963 3181 Ἀρ-

368 3191 649 3267 ταφέρνης
673 3190 704 3251 ὁ
729 3190 1153 3265 Ἀρταφέρνεος,
1182 3189 1242 3253 ὃς
1269 3196 1324 3253 ἐς
1350 3193 1673 3269 Μαραθῶνα
1712 3193 1962 3269 ἐσέβαλε

373 3272 493 3350 ἅμα
513 3276 678 3337 Δάτι.
736 3275 968 3353 Θρήϊκες
996 3275 1072 3343 δὲ,
1102 3277 1190 3333 ἐπὶ
1215 3278 1321 3351 μὲν
1346 3281 1481 3355 τῇσι
1508 3281 1795 3357 κεφαλῇσι
1820 3277 1961 3337 άλω-
1980 3280 2057 3339 75
