2192 3409
331 101 615 166 120—125]
1019 103 1247 153 nmmo.
1835 106 1928 153 109

329 183 637 259 Ἀθηναίων
676 183 776 245 τᾶν
816 182 1026 261 ἐκάστη
1063 185 1250 245 ἐθέλοι
1287 182 1461 262 ἄνδρα
1496 187 1671 264 ἐωυτῇ
1708 184 1931 254 ἐκλέξα-

328 274 467 330 σθαι
494 270 657 329 ἔδωκε
681 270 856 352 τούτῳ
883 278 960 351 τῷ
985 271 1158 349 ἀνδρί.
1231 272 1349 331 Καὶ
1375 275 1429 331 οἶ
1454 270 1885 348 Ἀλκμαιωνίδαι
1907 274 2022 331 123

328 359 547 433 ὁμοίως,
575 356 614 435 ἢ
645 359 803 419 οὐδὲν
841 359 1030 436 ἧσσον
1069 360 1287 429 τούτου,
1322 360 1473 435 ἦσαν
1511 358 1927 435 μισοτύραννοι·

329 448 490 523 θῶμα
529 446 604 507 ὧν
641 474 760 524 μοι,
789 449 881 507 καὶ
923 448 988 507 οὗ
1018 450 1323 525 προσίεμαι
1349 447 1453 523 τὴν
1480 446 1778 524 διαβολὴν,
1803 445 1930 507 τού·

325 561 454 599 τους
503 562 571 618 γε
617 535 876 606 ἀναδέξαι
927 535 1144 596 ἀσπίδα
1191 537 1386 600 οἵτινες
1434 534 1671 617 ἔφευγόν
1716 560 1781 595 τε
1830 534 1931 595 τὸν

326 622 510 684 πάντα
550 623 758 703 χρόνον
796 624 925 687 τοῦς
971 624 1284 702 τυράννους,
1328 630 1388 683 ἐκ
1430 627 1687 703 μηχανῆς
1728 650 1791 685 τε
1830 626 1931 699 τῆς

326 712 534 783 τούτων
574 712 830 783 ἐξέλιπον
871 716 924 772 οἱ
969 712 1433 789 Πεισιστρατίδαι
1474 712 1579 787 τὴν
1612 712 1924 790 τυραννίδα.

329 800 420 858 καὶ
461 798 604 859 οὕτω
635 799 736 862 τάς
760 798 1002 875 Ἀθήνας
1027 798 1181 860 οὗτοι
1205 800 1355 875 ἦσαν
1381 803 1435 859 οἱ
1461 800 1931 878 ἐλευθερώσαντες

326 890 527 966 πολλῷ
552 891 778 964 μᾶλλον
803 886 947 965 ἤπερ
972 886 1269 966 Ἀρμόδιός
1291 912 1355 947 τε
1376 888 1467 945 καὶ
1484 886 1927 968 Ἀριστογείτων,

329 972 401 1037 ὥς
426 974 534 1055 ἐγώ
563 976 744 1052 κρίνω·
787 979 840 1035 οἱ
872 979 975 1052 μὲν
1005 975 1117 1056 γὰρ
1156 975 1499 1057 ἐξηγρίωσαν
1533 973 1664 1037 τούς
1698 974 1927 1033 ὖπολοί-

325 1088 466 1126 πους
496 1064 1004 1139 Πεισιστρατιδέων
1021 1062 1341 1141 Ἵππαρχον
1369 1061 1805 1131 ἀποκτείναντες,
1838 1061 1926 1120 οὖ-

327 1150 390 1209 δέ
425 1176 481 1209 τι
515 1154 744 1226 μᾶλλον
779 1152 1030 1210 ἔπαυσαν
1062 1150 1195 1214 τούς
1220 1148 1453 1212 λοιποῧς
1478 1147 1952 1227 τυραννεύοντας·ἰ

325 1236 759 1315 Ἀλκμαιωνίδαι
785 1239 844 1298 δὲ
872 1240 1157 1316 ἐμφανέως
1184 1238 1579 1315 ἐλευθέρωσαν,
1604 1240 1651 1295 εἰ
1676 1236 1745 1311 δή
1774 1233 1933 1295 οὗτοί

326 1350 393 1405 γε
433 1325 684 1400 ἀληθέως
709 1326 860 1401 ἦσαν
899 1330 954 1386 οἱ
991 1326 1094 1403 τήν
1122 1326 1343 1400 Πυθίην
1367 1324 1767 1385 ἀναπείσαντες
1790 1348 1925 1401 προ-

327 1413 620 1487 σημαίνειν
645 1414 1137 1491 Λακεδαιμονίοισι
1173 1414 1496 1491 ἐλευθεροῦν
1528 1412 1631 1475 τάς
1670 1410 1925 1487 Ἀθήνας,

328 1499 399 1563 ὦς
436 1526 535 1578 μοι
575 1500 847 1580 πρότερον
883 1503 1206 1579 δεδήλωται.
1287 1501 1475 1562 Ἀλλά
1508 1499 1621 1582 ιγοῖρ
1658 1502 1793 1564 ἴσως
1828 1526 1885 1559 τι
1906 1502 2020 1559 124

328 1588 775 1666 ἐπιμεμφόμενοι
811 1589 1121 1665 Ἀθηναίων
1144 1594 1221 1669 τῷ
1246 1589 1403 1668 δήμῳ
1428 1588 1799 1666 προεδίδοσαν
1822 1587 1927 1663 τήν
2002 1618 2007 1625 ·

325 1676 584 1754 πατρίδα.
653 1676 720 1737 οὗ
743 1679 848 1755 μὲν
873 1675 948 1737 ὧν
971 1676 1123 1753 ἦσάν
1148 1683 1343 1752 σφεων
1367 1675 1541 1735 ἄλλοι
1570 1674 1926 1752 δοκιμώτεροι

329 1766 385 1823 ἔν
409 1790 476 1846 γε
498 1764 853 1843 Ἀθηναίοισι
878 1763 1082 1841 ἄνδρες,
1116 1762 1227 1823 οὐδ’
1256 1764 1310 1823 οἳ
1333 1768 1563 1841 μᾶλλον
1588 1763 1922 1839 ἐτετιμέατο.

329 1852 469 1911 οὕτω
497 1854 622 1913 οὐδὲ
647 1854 818 1935 λόγος
843 1854 1028 1929 αἱρέει,
1051 1850 1421 1931 ἀναδεχθῆναι
1448 1852 1507 1911 ἔκ
1531 1876 1599 1933 γε
1624 1848 1694 1910 ἂν
1717 1848 1925 1909 τούτων

329 1938 543 2016 ἀσπίδα
571 1942 660 1999 ἐπὶ
684 1939 914 2019 τοιούτῳ
941 1940 1114 2020 λόγῳ.
1170 1939 1439 2019 ἀνεδέχθη
1464 1941 1568 2017 μὲν
1592 1938 1705 2019 γάρ
1734 1936 1923 2000 ἀσπίς·

332 2027 423 2085 καὶ
462 2031 628 2088 τοῦτο
671 2026 770 2086 οὔκ
813 2027 937 2085 ἔστι
979 2026 1169 2090 ἄλλως
1210 2030 1399 2087 εἰπεῖν·
1442 2028 1659 2108 ἐγένετο
1694 2025 1823 2106 γάρ·
1864 2024 1927 2088 ὃς

329 2115 517 2191 μέντοι
542 2114 614 2191 ἦν
640 2114 674 2175 ὅ
699 2113 964 2185 ἀναδέξας
985 2114 1084 2174 οὐκ
1115 2116 1222 2195 ἔχω
1240 2116 1575 2192 προσωτέρω
1604 2117 1777 2173 εἰπεῖν
1799 2112 1925 2173 τού-

328 2227 456 2261 των.

414 2291 488 2348 Οἳ
523 2289 582 2348 δὲ
605 2289 1039 2365 Ἀλκμαιωνίδαι
1077 2287 1229 2364 ἦσαν
1266 2291 1369 2365 μὲν
1406 2289 1499 2347 καὶ
1523 2287 1595 2347 τὰ.
1621 2286 1885 2346 ἀνέκαθεν
1904 2289 2018 2345 125

329 2376 583 2453 λαμπροὶ
609 2382 667 2435 ἐν
691 2380 828 2455 τῇσι
851 2375 1147 2456 Ἀθήνῃσι·
1184 2376 1297 2436 ἀπὸ
1325 2376 1385 2434 δὲ
1408 2374 1804 2451 Ἀλκμαίωνος,
1834 2374 1926 2432 καὶ

329 2463 482 2527 αὖτις
499 2465 847 2545 Μεγακλέος,
865 2466 1119 2545 ἐγένοντο
1148 2464 1240 2522 καὶ
1266 2462 1441 2539 κάρτα
1466 2462 1737 2537 λαμπροί.
1800 2466 1921 2519 τοῦ·

327 2578 394 2611 το
425 2554 529 2629 μὲν
563 2552 674 2633 γάρ
699 2552 1018 2629 Ἀλκμαίων
1059 2552 1092 2611 ὁ
1125 2550 1458 2633 Μεγακλέος
1491 2553 1645 2609 τοῖσι
1684 2554 1743 2607 ἐκ
1778 2550 1923 2626 Σαρ-

329 2640 456 2698 δίων
486 2642 722 2700 Λυδοῖσι
757 2639 912 2718 παρὰ
953 2640 1211 2717 Κροίσου
1246 2638 1695 2714 ἀπικνεομένοισι
1730 2637 1821 2696 ἐπὶ
1855 2636 1923 2696 τό

327 2728 672 2805 χρηστήριον
697 2729 763 2788 τό
791 2733 850 2788 ἐν
877 2731 1165 2804 Δελφοῖσι
1196 2725 1573 2804 συμπρήκτωρ
1612 2750 1676 2784 τε
1715 2724 1925 2806 ἐγίνετο

330 2816 422 2874 καὶ
449 2816 849 2894 συνελάμβανε
875 2814 1189 2892 προθύμως·
1233 2815 1333 2875 καί
1353 2838 1451 2890 μιν
1476 2816 1728 2890 Κροῖσος
1753 2811 1922 2871 πυθό-

327 2929 494 2979 μενος
524 2908 634 2965 τῶν
663 2905 860 2963 Λυδῶν
897 2906 1008 2963 τῶν
1049 2908 1105 2965 ἐς
1128 2903 1201 2962 τσῖ
1240 2900 1558 2981 χρηστήρια
1590 2899 1924 2976 φοιτεόντων

330 2991 528 3051 ἐωυτόν
566 2992 625 3052 εὖ
660 2993 882 3060 ποιέειν,
915 2990 1335 3067 μεταπέμπεται
1374 2993 1429 3052 ἐς
1470 2987 1689 3064 Σάρδις·
1732 2984 1925 3045 ἀπικό-

329 3104 496 3155 μενον
527 3079 588 3138 δὲ
628 3080 884 3156 δωρέεται
921 3081 1117 3156 χρυσῷ
1150 3077 1251 3136 τᾶν
1276 3076 1345 3137 ἂν
1372 3075 1597 3151 δύνηται
1621 3076 1699 3153 τῷ
1724 3076 1925 3132 ἑωυτοῦ

330 3166 551 3243 σώματι
583 3165 959 3235 ἐξενείκασθαι
995 3162 1235 3233 ἐσάπαξ·
1276 3162 1308 3223 ὅ
1342 3163 1403 3221 δὲ
1432 3162 1753 3239 Ἀλκμαίων
1788 3161 1929 3237 πρὸς

327 3254 432 3329 τὴν
483 3253 692 3333 δωρεὴν
745 3256 950 3313 ἐοῦσαν
1001 3250 1260 3328 τοιαύτην
1317 3250 1503 3312 τοιάδε
1516 3322 1535 3337 0
1560 3249 1923 3327 ἐπιτηδεύσας
